

@ARTICLE{fireeye:anatomy,
	AUTHOR = "Fireeye",
	title = "Anatomy of Advanced Persistent Threats",
	year = "2017"
	DOI = "https://www.fireeye.com/current-threats/anatomy-of-a-cyber-attack.html"}

%lingming
@misc{ftracer-home,
	title = "{FaultTracer}",
	key = "aaa",
	note = "\url{https://www.utdallas.edu/~lxz144130/ftracer.html}"
}
@inproceedings{hao2009vida,
	title={VIDA: Visual interactive debugging},
	author={Hao, Dan and Zhang, Lingming and Zhang, Lu and Sun, Jiasu and Mei, Hong},
	booktitle={ICSE},
	year={2009}
}
@inproceedings{zhang2010test,
	title={Test generation via dynamic symbolic execution for mutation testing},
	author={Zhang, Lingming and Xie, Tao and Zhang, Lu and Tillmann, Nikolai and De Halleux, Jonathan and Mei, Hong},
	booktitle={ICSM},
	year={2010}
}
@inproceedings{zhang2013injecting,
	title={Injecting mechanical faults to localize developer faults for evolving software},
	author={Zhang, Lingming and Zhang, Lu and Khurshid, Sarfraz},
	booktitle={OOPSLA},
	year={2013}
}
@inproceedings{gligoric2013selective,
	title={Selective mutation testing for concurrent code},
	author={Gligoric, Milos and Zhang, Lingming and Pereira, Cristiano and Pokam, Gilles},
	booktitle={ISSTA},
	year={2013}
}
@inproceedings{zhang2014feedback,
	title={Feedback-driven dynamic invariant discovery},
	author={Zhang, Lingming and Yang, Guowei and Rungta, Neha and Person, Suzette and Khurshid, Sarfraz},
	booktitle={ISSTA},
	year={2014}
}
@inproceedings{comkorat-fse,
	title={Combinatorial Generation of Structurally Complex Test
	Inputs for Commercial Software Applications},
	author={Zhong, Hua and Zhang, Lingming and Khurshid, Sarfraz},
	booktitle = {FSE},
	year      = {2016}
}
@inproceedings{comkorat-nfm,
	title={The {comKorat Tool}: Unified Combinatorial and Constraint-Based Generation of Structurally Complex Tests},
	author={Zhong, Hua and Zhang, Lingming and Khurshid, Sarfraz},
	booktitle = {NFM},
	year      = {2016}
}
@inproceedings{tang2015summary,
	title={Summary-based context-sensitive data-dependence analysis in presence of callbacks},
	author={Tang, Hao and Wang, Xiaoyin and Zhang, Lingming and Xie, Bing and Zhang, Lu and Mei, Hong},
	booktitle={POPL},
	year={2015}
}
@inproceedings{zhang2017boost,
	author = {Mengshi Zhang and Xia Li and Lingming Zhang and Sarfraz Khurshid},
	title = {Boosting Spectrum-Based Fault Localization using PageRank},
	booktitle = {ISSTA},
	year=2017
}

%xusheng
@misc{ipreputation1,
	title = {{Sender Score}},
	note = {https://www.senderscore.org/},
	year= 2017,
	author={Sender Score}
}

@misc{ipreputation2,
	title = {{IP Reputation Check}},
	note = {http://www.cyren.com/ip-reputation-check.html},
	year= 2017,
	author={Cyren}
}

@book{nielson2004principles,
	title={Principles of Program Analysis},
	author={Nielson, F. and Nielson, H.R. and Hankin, C.},
	isbn={9783540654100},
	lccn={99047677},
	url={https://books.google.com/books?id=RLjt0xSj8DcC},
	year={2004},
	publisher={Springer Berlin Heidelberg}
}

@inproceedings{driveby1,
	author = {Lu, Long and Yegneswaran, Vinod and Porras, Phillip and Lee, Wenke},
	title = {BLADE: An Attack-agnostic Approach for Preventing Drive-by Malware Infections},
	booktitle = {Proceedings of the 17th ACM Conference on Computer and Communications Security},
	year = {2010},
	pages = {440--450},
} 

@inproceedings{dropper,
	author    = {Bum Jun Kwon and
	Jayanta Mondal and
	Jiyong Jang and
	Leyla Bilge and
	Tudor Dumitras},
	title     = {The Dropper Effect: Insights into Malware Distribution with Downloader
	Graph Analytics},
	booktitle = {Proceedings of the 22nd {ACM} {SIGSAC} Conference on Computer and
	Communications Security, Denver, CO, USA, October 12-6, 2015},
	pages     = {1118--1129},
	year      = {2015},
}



@article{apt,
	title={Intelligence-driven computer network defense informed by analysis of adversary campaigns and intrusion kill chains},
	author={Hutchins, Eric M and Cloppert, Michael J and Amin, Rohan M},
	journal={Leading Issues in Information Warfare \& Security Research},
	volume={1},
	pages={80},
	year={2011}
}

@mics{defendapt,
	title={Defending Advanced Persistent Threats - Be Better Prepared to Face the Worst},
	note={https://www.infosecurity-magazine.com/opinions/defending-advanced-persistent/},
	year=2016,
	author={Jyothi Babu Thummala}
}
@misc{aptmalware,
	title={{Lifecycle of an	Advanced Persistent Threat }},
	note={http://www.redteamusa.com/PDF/Lifecycle%20of%20an%20Advanced%20Persistent%20Threat.pdf},
	author={Counter Threat Unit research},
	year={2012}
}

@misc{jersey,
	author={Oracle},
	year=2017,
	title = {{Jersey: RESTful Web Services in Java.}},
	note={https://jersey.java.net/}
}


@misc{protocolbuf,
	author={Google},
	title={{Protocl Buffers}},
	note={https://developers.google.com/protocol-buffers/},
	year=2017
}

@incollection{dsms,
	author    = {Emanuele Panigati and
	Fabio A. Schreiber and
	Carlo Zaniolo},
	title     = {Data Streams and Data Stream Management Systems and Languages},
	booktitle = {Data Management in Pervasive Systems},
	pages     = {93--111},
	year      = {2015},
	crossref  = {DBLP:books/sp/CSMP2015},
	url       = {http://dx.doi.org/10.1007/978-3-319-20062-0_5},
}

@misc{esper,
	author={EsperTech},
	title={{Esper}},
	year=2017,
	note={http://www.espertech.com/products/esper.php}
}

@misc{flink,
	author={Apache},
	title={{Apache Flink}},
	year=2017,
	note={https://flink.apache.org/}
}

@misc{siddhi,
	author={WSO2},
	year=2017,
	title={{Siddhi Complex Event Processing Engine}},
	note={https://github.com/wso2/siddhi}
	
}

@inproceedings{onlinelearning,
	author    = {Avrim Blum},
	title     = {On-line Algorithms in Machine Learning},
	booktitle = {Online Algorithms, The State of the Art (the book grow out of a Dagstuhl
	Seminar, June 1996)},
	pages     = {306--325},
	year      = {1996},
	crossref  = {DBLP:conf/dagstuhl/1996oa},
	url       = {http://dx.doi.org/10.1007/BFb0029575},
}

@misc{cveexcel,
	author={MITRE},
	title={{CVE-2008-0081}},
	note = {http://www.cve.mitre.org/cgi-bin/cvename.cgi?name=CVE-2008-0081},
	year=2008,
}

@inproceedings{inv3,
	author = {Cova, Marco and Balzarotti, Davide and Felmetsger, Viktoria and Vigna, Giovanni},
	title = {Swaddler: An Approach for the Anomaly-based Detection of State Violations in Web Applications},
	booktitle = {Proceedings of the 10th International Conference on Recent Advances in Intrusion Detection},
	series = {RAID'07},
	year = {2007},
	isbn = {3-540-74319-7, 978-3-540-74319-4},
	location = {Gold Goast, Australia},
	pages = {63--86},
	numpages = {24},
	url = {http://dl.acm.org/citation.cfm?id=1776434.1776440},
	acmid = {1776440},
	publisher = {Springer-Verlag},
	address = {Berlin, Heidelberg},
	keywords = {anomaly detection, code instrumentation, dynamic analysis, web attacks},
} 

@inproceedings{inv2,
	author    = {Leonardo Aniello and
	Claudio Ciccotelli and
	Marcello Cinque and
	Flavio Frattini and
	Leonardo Querzoni and
	Stefano Russo},
	title     = {Automatic Invariant Selection for Online Anomaly Detection},
	booktitle = {Computer Safety, Reliability, and Security - 35th International Conference,
	{SAFECOMP} 2016, Trondheim, Norway, September 21-23, 2016, Proceedings},
	pages     = {172--183},
	year      = {2016},
}

@article{inv1,
	author = {Burgess, Mark and Haugerud, H{\aa}rek and Straumsnes, Sigmund and Reitan, Trond},
	title = {Measuring System Normality},
	journal = {ACM Trans. Comput. Syst.},
	issue_date = {May 2002},
	volume = {20},
	number = {2},
	month = may,
	year = {2002},
	issn = {0734-2071},
	pages = {125--160},
	numpages = {36},
	url = {http://doi.acm.org/10.1145/507052.507054},
	doi = {10.1145/507052.507054},
	acmid = {507054},
	publisher = {ACM},
	address = {New York, NY, USA},
	keywords = {Anomaly detection, statistical mechanics},
} 

@misc{splunkspike,
	title = {Using Splunk to Detect DNS Tunneling},
	year=2016,
	note={https://www.sans.org/reading-room/whitepapers/dns/splunk-detect-dns-tunneling-37022}
}

@book{cql,
	editor    = {Minos N. Garofalakis and
	Johannes Gehrke and
	Rajeev Rastogi},
	title     = {Data Stream Management - Processing High-Speed Data Streams},
	series    = {Data-Centric Systems and Applications},
	publisher = {Springer},
	year      = {2016},
	url       = {http://dx.doi.org/10.1007/978-3-540-28608-0},
	doi       = {10.1007/978-3-540-28608-0},
	isbn      = {978-3-540-28607-3},
	timestamp = {Tue, 23 Aug 2016 09:02:29 +0200},
}


@book{idsbook,
	author    = {Christopher Kruegel and
	Fredrik Valeur and
	Giovanni Vigna},
	title     = {Intrusion Detection and Correlation - Challenges and Solutions},
	series    = {Advances in Information Security},
	volume    = {14},
	publisher = {Springer},
	year      = {2005},
	url       = {http://dx.doi.org/10.1007/b101493},
	doi       = {10.1007/b101493},
	isbn      = {978-0-387-23398-7},
	timestamp = {Sat, 18 Feb 2012 17:12:41 +0100},
	biburl    = {http://dblp.uni-trier.de/rec/bib/books/sp/KruegelVV05},
	bibsource = {dblp computer science bibliography, http://dblp.org}
}


@article{anomalysurvey,
	author = {Chandola, Varun and Banerjee, Arindam and Kumar, Vipin},
	title = {Anomaly Detection: A Survey},
	journal = {ACM Comput. Surv.},
	issue_date = {July 2009},
	volume = {41},
	number = {3},
	month = jul,
	year = {2009},
	issn = {0360-0300},
	pages = {15:1--15:58},
	articleno = {15},
	numpages = {58},
	url = {http://doi.acm.org/10.1145/1541880.1541882},
	doi = {10.1145/1541880.1541882},
	acmid = {1541882},
	publisher = {ACM},
	address = {New York, NY, USA},
	keywords = {Anomaly detection, outlier detection},
} 



@inproceedings{hostids,
	author = {Wagner, David and Soto, Paolo},
	title = {Mimicry Attacks on Host-based Intrusion Detection Systems},
	booktitle = {Proceedings of the 9th ACM Conference on Computer and Communications Security},
	series = {CCS '02},
	year = {2002},
	isbn = {1-58113-612-9},
	location = {Washington, DC, USA},
	pages = {255--264},
	numpages = {10},
	url = {http://doi.acm.org/10.1145/586110.586145},
	doi = {10.1145/586110.586145},
	acmid = {586145},
	publisher = {ACM},
	address = {New York, NY, USA},
	keywords = {anomaly detection, evasion attacks, host-based intrusion detection},
} 

@inproceedings{fileanomaly,
	author    = {Salvatore J. Stolfo and
	Shlomo Hershkop and
	Linh H. Bui and
	Ryan Ferster and
	Ke Wang},
	title     = {Anomaly Detection in Computer Security and an Application to File
	System Accesses},
	booktitle = {Foundations of Intelligent Systems, 15th International Symposium,
	{ISMIS} 2005, Saratoga Springs, NY, USA, May 25-28, 2005, Proceedings},
	pages     = {14--28},
	year      = {2005},
}


@inproceedings{networkmonitoring,
	author    = {Wietse Venema},
	title     = {{TCP} Wrapper: Network Monitoring, Access Control, and Booby Traps},
	booktitle = {{USENIX} Security},
	year      = {1992},
	url       = {https://www.usenix.org/conference/usenix-summer-1992-technical-conference/tcp-wrapper-network-monitoring-access-control-and},
}

@book{firewall,
	author = {Cheswick, William R. and Bellovin, Steven M. and Rubin, Aviel D.},
	title = {Firewalls and Internet Security: Repelling the Wily Hacker},
	year = {2003},
	isbn = {020163466X},
	edition = {2},
	publisher = {Addison-Wesley Longman Publishing Co., Inc.},
	address = {Boston, MA, USA},
} 

@misc{ya:yahooleak,
	title={Yahoo discloses hack of 1 billion accounts},
	year=2016,
	note={https://techcrunch.com/2016/12/14/yahoo-discloses-hack-of-1-billion-accounts/}
}

@inproceedings {Marionette:2015,
	author = {Kevin P. Dyer and Scott E. Coull and Thomas Shrimpton},
	title = {Marionette: A Programmable Network Traffic Obfuscation System},
	booktitle = {24th USENIX Security Symposium (USENIX Security 15)},
	year = {2015},
	isbn = {978-1-931971-232},
	address = {Washington, D.C.},
	pages = {367--382},
	url = {https://www.usenix.org/conference/usenixsecurity15/technical-sessions/presentation/dyer},
	publisher = {USENIX Association},
}

@inproceedings{Vallentin:2016:VUP:2930611.2930634,
	author = {Vallentin, Matthias and Paxson, Vern and Sommer, Robin},
	title = {VAST: A Unified Platform for Interactive Network Forensics},
	booktitle = {Proceedings of the 13th Usenix Conference on Networked Systems Design and Implementation},
	series = {NSDI'16},
	year = {2016},
	isbn = {978-1-931971-29-4},
	location = {Santa Clara, CA},
	pages = {345--362},
	numpages = {18},
	url = {http://dl.acm.org/citation.cfm?id=2930611.2930634},
	acmid = {2930634},
	publisher = {USENIX Association},
	address = {Berkeley, CA, USA},
} 

@inproceedings{Sommer:2014:HAE:2663716.2663735,
	author = {Sommer, Robin and Vallentin, Matthias and De Carli, Lorenzo and Paxson, Vern},
	title = {HILTI: An Abstract Execution Environment for Deep, Stateful Network Traffic Analysis},
	booktitle = {Proceedings of the 2014 Conference on Internet Measurement Conference},
	series = {IMC '14},
	year = {2014},
	isbn = {978-1-4503-3213-2},
	location = {Vancouver, BC, Canada},
	pages = {461--474},
	numpages = {14},
	url = {http://doi.acm.org/10.1145/2663716.2663735},
	doi = {10.1145/2663716.2663735},
	acmid = {2663735},
	publisher = {ACM},
	address = {New York, NY, USA},
	keywords = {deep packet inspection, intrusion detection, real-time monitoring},
} 


@inproceedings{Karvounarakis:2010:QDP:1807167.1807269,
	author = {Karvounarakis, Grigoris and Ives, Zachary G. and Tannen, Val},
	title = {Querying Data Provenance},
	booktitle = {Proceedings of the 2010 ACM SIGMOD International Conference on Management of Data},
	series = {SIGMOD '10},
	year = {2010},
	isbn = {978-1-4503-0032-2},
	location = {Indianapolis, Indiana, USA},
	pages = {951--962},
	numpages = {12},
	url = {http://doi.acm.org/10.1145/1807167.1807269},
	doi = {10.1145/1807167.1807269},
	acmid = {1807269},
	publisher = {ACM},
	address = {New York, NY, USA},
	keywords = {annotation, data provenance, query language, query processing},
} 


@misc{codeLength,
	title={{Code Length Measured in 14 Languages}},
	year=2012,
	note={http://blog.wolfram.com/2012/11/14/code-length-measured-in-14-languages/}
}


@inproceedings{Gligoric:2014:AMB:2660193.2660239,
	author = {Gligoric, Milos and Schulte, Wolfram and Prasad, Chandra and van Velzen, Danny and Narasamdya, Iman and Livshits, Benjamin},
	title = {Automated Migration of Build Scripts Using Dynamic Analysis and Search-based Refactoring},
	booktitle = {Proceedings of the 2014 ACM International Conference on Object Oriented Programming Systems Languages \& Applications},
	series = {OOPSLA '14},
	year = {2014},
	isbn = {978-1-4503-2585-1},
	location = {Portland, Oregon, USA},
	pages = {599--616},
	numpages = {18},
	url = {http://doi.acm.org/10.1145/2660193.2660239},
	doi = {10.1145/2660193.2660239},
	acmid = {2660239},
	publisher = {ACM},
	address = {New York, NY, USA},
	keywords = {build system, migration, search-based refactoring},
} 


@inproceedings{ma2016protracer,
	title={ProTracer: towards practical provenance tracing by alternating between logging and tainting},
	author={Ma, Shiqing and Zhang, Xiangyu and Xu, Dongyan},
	year={2016}
}

@misc{adware,
	title={{Protecting Against Potentially Unwanted Programs}},
	year=2014,
	note={https://www.mcafee.com/us/resources/solution-briefs/sb-quarterly-threat-q4-2014-3.pdf}
}

@misc{netspike,
	title={{TOP 5 CAUSES OF SUDDEN NETWORK SPIKES}},
	year=2016,
	note={https://www.paessler.com/press/pressreleases/top_5_causes_of_sudden_spikes_in_traffic}
}


@book{hamilton1994time,
	title={Time series analysis},
	author={Hamilton, James Douglas},
	volume={2},
	year={1994},
	publisher={Princeton university press Princeton}
}



@book{prolog,
	author = {Boizumault, Patrice},
	title = {The Implementation of Prolog},
	year = {2014},
	isbn = {069160939X, 9780691609393},
	publisher = {Princeton University Press},
	address = {Princeton, NJ, USA},
} 

@inproceedings{dataflowanomaly,
	author    = {Sandeep Bhatkar and
	Abhishek Chaturvedi and
	R. Sekar},
	title     = {Dataflow Anomaly Detection},
	booktitle = {{IEEE} Symposium on Security and Privacy (S{\&}P)},
	pages     = {48--62},
	year      = {2006},
}

@misc{splunksecurity,
	title={Splunk Security},
	note={https://www.splunk.com/en\_us/solutions/solution-areas/security-and-fraud/fraud.html},
	author={splunk},
	year=2017
}

@inproceedings{reduction,
	author = {Xu, Zhang and Wu, Zhenyu and Li, Zhichun and Jee, Kangkook and Rhee, Junghwan and Xiao, Xusheng and Xu, Fengyuan and Wang, Haining and Jiang, Guofei},
	title = {High Fidelity Data Reduction for Big Data Security Dependency Analyses},
	booktitle = {CCS},
	year = {2016},
	pages = {504--516},
} 


@misc{sql-tuning,
	title={Database Performance Tuning Guide},
	note={https://docs.oracle.com/cd/B19306_01/server.102/b14211/},
	year=2017
}



@article{tquel,
	author = {Snodgrass, Richard},
	title = {The Temporal Query Language TQuel},
	journal = {TODS},
	volume = {12},
	number = {2},
	year = {1987},
	pages = {247--298},
	numpages = {52},
} 

@book{timesql,
	author = {Snodgrass, Richard Thomas},
	title = {Developing Time-oriented Database Applications in SQL},
	year = {2000},
	isbn = {1-55860-436-7},
	publisher = {Morgan Kaufmann Publishers Inc.},
	address = {San Francisco, CA, USA},
} 

@article{spatialsql,
	author = {Egenhofer, M. J.},
	title = {Spatial SQL: A Query and Presentation Language},
	journal = {TKDE},
	volume = {6},
	number = {1},
	year = {1994},
	pages = {86--95},
	numpages = {10},
} 



@misc{greenplum,
	title={{Greenplum Database}},
	year = 2017,
	note={http://greenplum.org/}
	
}

@misc{osquery,
	title={osquery},
	note={https://osquery.io/}
}

@INPROCEEDINGS{crypto1, 
	author={K. Bhargavan and R. Corin and P. M. Deniélou and C. Fournet and J. J. Leifer}, 
	booktitle={CSF}, 
	title={Cryptographic Protocol Synthesis and Verification for Multiparty Sessions}, 
	year={2009}, 
}

@inproceedings{crypto2,
	author = {Bhargavan, Karthikeyan and Fournet, C{\'e}dric and Corin, Ricardo and Zalinescu, Eugen},
	title = {Cryptographically Verified Implementations for TLS},
	booktitle = {CCS},
	year = {2008},
} 

@inproceedings{mace,
	author = {Killian, Charles Edwin and Anderson, James W. and Braud, Ryan and Jhala, Ranjit and Vahdat, Amin M.},
	title = {Mace: Language Support for Building Distributed Systems},
	booktitle = {PLDI},
	year = {2007},
	pages = {179--188},
	
} 

@misc{aptsymantec,
	title = {{Advanced Persistent Threats: How They Work}},
	note = {https://www.symantec.com/theme.jsp?themeid=apt-infographic-1},
	author={Symantec},
	year = 2017,
}

@misc{aptfireeye,
	title={{Anatomy of Advanced Persistent Threats}},
	note={https://www.fireeye.com/current-threats/anatomy-of-a-cyber-attack.html},
	author={Fireeye},
	year=2017
}

@inproceedings{networklang,
	author = {Loo, Boon Thau and Condie, Tyson and Garofalakis, Minos and Gay, David E. and Hellerstein, Joseph M. and Maniatis, Petros and Ramakrishnan, Raghu and Roscoe, Timothy and Stoica, Ion},
	title = {Declarative Networking: Language, Execution and Optimization},
	booktitle = {SIGMOD},
	year = {2006},
	pages = {97--108},
} 

@inproceedings{lambda,
	author = {Cuppens, Fr{\'e}d{\'e}ric and Ortalo, Rodolphe},
	title = {{LAMBDA}: A Language to Model a Database for Detection of Attacks},
	booktitle = {RAID},
	year = {2000},
	pages = {197--216},
	
}

%% This BibTeX bibliography file was created using BibDesk.
%% http://bibdesk.sourceforge.net/


%% Created for Long Lu at 2012-05-02 12:02:17 -0400 


%% Saved with string encoding Unicode (UTF-8) 


%%Newly added
@misc{AppBrain:14,
	Howpublished = {\url{http://www.appbrain.com/stats/number-of-android-apps}},
	Title = {Number of available Android applications}}

@misc{sony,
	Howpublished = {\url{https://en.wikipedia.org/wiki/Sony_Pictures_Entertainment_hack}},
	Title = {Sony Pictures Entertainment Hack}}


@misc{target,
	title={{Target data breach incident}},
	note={http://www.nytimes.com/2014/02/27/business/target-reports-on-fourth-quarter-earnings.html?\_r=1},
	author={New York Times},
	year=2014
}

@misc{Fuchs:10,
	Howpublished = {\url{http://www.cs.umd.edu/ avik/projects/scandroidascaa}},
	Title = {SCanDroid: Automated security certification of Android applications}}


@inproceedings{Gibler:12,
	author = {Gibler, Clint and Crussell, Jonathan and Erickson, Jeremy and Chen, Hao},
	title = {AndroidLeaks: Automatically Detecting Potential Privacy Leaks in Android Applications on a Large Scale},
	booktitle = {Proceedings of the 5th International Conference on Trust and Trustworthy Computing},
	series = {TRUST'12},
	year = {2012},
	isbn = {978-3-642-30920-5},
	location = {Vienna, Austria},
	pages = {291--307},
	numpages = {17},
	url = {http://dx.doi.org/10.1007/978-3-642-30921-2_17},
	doi = {10.1007/978-3-642-30921-2_17},
	acmid = {2368386},
	publisher = {Springer-Verlag},
	address = {Berlin, Heidelberg},
} 

@inproceedings{Yajin:13,
	author = {Yajin Zhou and Xuxian Jiang},
	title = {Detecting Passive Content Leaks and Pollution in Android Applications},
	booktitle = {Proceedings of the 20th Network and Distributed System Security Symposium (NDSS)},
	year = {2013},
	location = {San Diego, CA, USA},
} 

@inproceedings{Stevens:12,
	author = {Ryan Stevens Clint Gibler Jon Crussell Jeremy Erickson Hao Chen},
	title = {Investigating User Privacy in Android Ad Libraries},
	booktitle = {Workshop on Mobile Security Technologies (MoST)},
	series = {MoST'12},
	year = {2012},
	location = {San Francisco, CA, USA},
} 

@inproceedings{Zhou:12,
	author = {Zhou, Wu and Zhou, Yajin and Jiang, Xuxian and Ning, Peng},
	title = {Detecting Repackaged Smartphone Applications in Third-party Android Marketplaces},
	booktitle = {Proceedings of the Second ACM Conference on Data and Application Security and Privacy},
	series = {CODASPY '12},
	year = {2012},
	isbn = {978-1-4503-1091-8},
	location = {San Antonio, Texas, USA},
	pages = {317--326},
	numpages = {10},
	url = {http://doi.acm.org/10.1145/2133601.2133640},
	doi = {10.1145/2133601.2133640},
	acmid = {2133640},
	publisher = {ACM},
	address = {New York, NY, USA},
	keywords = {privacy and security, repackaging, smartphones},
}

%%CHEX

@misc{1bapp:11,
	Date-Added = {2012-05-02 16:01:35 +0000},
	Date-Modified = {2012-05-02 16:02:12 +0000},
	Howpublished = {\url{www.wired.com/gadgetlab/2011/12/10-billion-apps-detailed/}},
	Title = {Google's 10 Billion Android App Downloads}}

@article{Horwitz:88,
	Acmid = {53994},
	Address = {New York, NY, USA},
	Author = {Horwitz, S. and Reps, T. and Binkley, D.},
	Date-Added = {2012-05-01 18:28:11 +0000},
	Date-Modified = {2012-05-01 18:28:11 +0000},
	Doi = {10.1145/960116.53994},
	Issn = {0362-1340},
	Issue_Date = {July 1988},
	Journal = {SIGPLAN Not.},
	Month = jun,
	Number = {7},
	Numpages = {12},
	Pages = {35--46},
	Publisher = {ACM},
	Title = {Interprocedural slicing using dependence graphs},
	Url = {http://doi.acm.org/10.1145/960116.53994},
	Volume = {23},
	Year = {1988},
	Bdsk-Url-1 = {http://doi.acm.org/10.1145/960116.53994},
	Bdsk-Url-2 = {http://dx.doi.org/10.1145/960116.53994}}

@misc{Appquality:11,
	Date-Added = {2012-04-30 06:45:08 +0000},
	Date-Modified = {2012-04-30 06:45:08 +0000},
	Howpublished = {\url{http://www.huffingtonpost.com/2011/06/20/android-market-quality_n_880478.html}},
	Title = {Quality Of Android Market Apps Is Pathetically Low}}



@misc{GoogleIO:11,
	Author = {Vic Gundotra and Hugo Barra},
	Date-Added = {2012-04-30 06:45:08 +0000},
	Date-Modified = {2012-04-30 06:45:08 +0000},
	Howpublished = {\url{http://www.google.com/events/io/2011/}},
	Title = {Android: Momentum, Mobile and More at Google I/O}}

@misc{baksmali:12,
	Date-Added = {2012-04-30 06:00:29 +0000},
	Date-Modified = {2012-04-30 06:12:39 +0000},
	Howpublished = {\url{http://code.google.com/p/smali/}},
	Title = {Baksmali: a disassembler for Android's dex format}}

@inproceedings{Hornyack:11,
	Acmid = {2046780},
	Address = {New York, NY, USA},
	Author = {Hornyack, Peter and Han, Seungyeop and Jung, Jaeyeon and Schechter, Stuart and Wetherall, David},
	Booktitle = {Proceedings of the 18th ACM conference on Computer and communications security},
	Date-Added = {2012-04-20 17:49:35 +0000},
	Date-Modified = {2012-04-20 17:49:40 +0000},
	Doi = {10.1145/2046707.2046780},
	Isbn = {978-1-4503-0948-6},
	Keywords = {android, privacy, smartphone},
	Location = {Chicago, Illinois, USA},
	Numpages = {14},
	Pages = {639--652},
	Publisher = {ACM},
	Series = {CCS '11},
	Title = {These aren't the droids you're looking for: retrofitting android to protect data from imperious applications},
	Url = {http://doi.acm.org/10.1145/2046707.2046780},
	Year = {2011},
	Bdsk-Url-1 = {http://doi.acm.org/10.1145/2046707.2046780},
	Bdsk-Url-2 = {http://dx.doi.org/10.1145/2046707.2046780}}

@inproceedings{Enck:10,
	Acmid = {1924971},
	Address = {Berkeley, CA, USA},
	Author = {Enck, William and Gilbert, Peter and Chun, Byung-Gon and Cox, Landon P. and Jung, Jaeyeon and McDaniel, Patrick and Sheth, Anmol N.},
	Booktitle = {Proceedings of the 9th USENIX conference on Operating systems design and implementation},
	Date-Added = {2012-04-20 17:39:11 +0000},
	Date-Modified = {2012-04-20 17:39:20 +0000},
	Location = {Vancouver, BC, Canada},
	Numpages = {6},
	Pages = {1--6},
	Publisher = {USENIX Association},
	Series = {OSDI'10},
	Title = {TaintDroid: an information-flow tracking system for realtime privacy monitoring on smartphones},
	Url = {http://dl.acm.org/citation.cfm?id=1924943.1924971},
	Year = {2010},
	Bdsk-Url-1 = {http://dl.acm.org/citation.cfm?id=1924943.1924971}}

@InProceedings{Dietz:11,
	author = {Michael Dietz and Shashi Shekhar and Yuliy Pisetsky and Anhei Shu and Dan S. Wallach},
	title = {Quire: Lightweight Provenance for Smart Phone Operating Systems},
	booktitle = {20th USENIX Security Symposium},
	year = 2011,
	month = aug,
	address = {San Francisco, CA}
}

@inproceedings{Grace:11,
	Author = {Grace, Michael and Zhou, Yajin and Wang, Zhi and Jiang, Xuxian},
	Booktitle = {Proceedings of the 19th Network and Distributed System Security Symposium (NDSS)},
	Citeulike-Article-Id = {10090420},
	Citeulike-Linkout-0 = {http://www.csc.ncsu.edu/faculty/jiang/pubs/NDSS12\_WOODPECKER.pdf},
	Date-Added = {2012-04-19 20:35:33 +0000},
	Date-Modified = {2012-04-19 20:36:00 +0000},
	Keywords = {android, privacy, security, smartphones},
	Location = {San Diego, CA, USA},
	Month = feb,
	Posted-At = {2011-12-03 07:24:11},
	Priority = {2},
	Title = {Systematic Detection of Capability Leaks in Stock {Android} Smartphones},
	Url = {http://www.csc.ncsu.edu/faculty/jiang/pubs/NDSS12\_WOODPECKER.pdf},
	Year = {2012},
	Bdsk-Url-1 = {http://www.csc.ncsu.edu/faculty/jiang/pubs/NDSS12%5C_WOODPECKER.pdf}}

@inproceedings{Felt:11,
	Acmid = {2028089},
	Address = {Berkeley, CA, USA},
	Author = {Felt, Adrienne Porter and Wang, Helen J. and Moshchuk, Alexander and Hanna, Steven and Chin, Erika},
	Booktitle = {Proceedings of the 20th USENIX conference on Security},
	Date-Added = {2012-04-19 20:24:49 +0000},
	Date-Modified = {2012-04-19 20:25:16 +0000},
	Location = {San Francisco, CA},
	Numpages = {1},
	Pages = {22--22},
	Publisher = {USENIX Association},
	Series = {SEC'11},
	Title = {Permission re-delegation: attacks and defenses},
	Url = {http://dl.acm.org/citation.cfm?id=2028067.2028089},
	Year = {2011},
	Bdsk-Url-1 = {http://dl.acm.org/citation.cfm?id=2028067.2028089}}

@misc{androidComp,
	Date-Added = {2012-04-19 03:24:02 +0000},
	Date-Modified = {2012-04-30 06:12:03 +0000},
	Howpublished = {\url{http://developer.android.com/guide/topics/fundamentals.html#Components}},
	Month = {April},
	Title = {Android Application Components},
	Url = {http://developer.android.com/guide/topics/fundamentals.html#Components},
	Year = {2012},
	Bdsk-Url-1 = {http://developer.android.com/guide/topics/fundamentals.html#Components}}

@inproceedings{Enck:11,
	Acmid = {2028088},
	Address = {Berkeley, CA, USA},
	Author = {Enck, William and Octeau, Damien and McDaniel, Patrick and Chaudhuri, Swarat},
	Booktitle = {Proceedings of the 20th USENIX conference on Security},
	Location = {San Francisco, CA},
	Numpages = {1},
	Pages = {21--21},
	Publisher = {USENIX Association},
	Title = {A study of android application security},
	Url = {http://dl.acm.org/citation.cfm?id=2028067.2028088},
	Year = {2011},
	Bdsk-Url-1 = {http://dl.acm.org/citation.cfm?id=2028067.2028088}}

@inproceedings{Ongtang:09,
	Acmid = {1723245},
	Address = {Washington, DC, USA},
	Author = {Ongtang, Machigar and McLaughlin, Stephen and Enck, William and McDaniel, Patrick},
	Booktitle = {Proceedings of the Annual Computer Security Applications Conference},
	Doi = {10.1109/ACSAC.2009.39},
	Keywords = {mobile phone security, Android, application interactions, mediation},
	Numpages = {10},
	Pages = {340--349},
	Publisher = {IEEE Computer Society},
	Series = {ACSAC '09},
	Title = {Semantically Rich Application-Centric Security in Android},
	Url = {http://dx.doi.org/10.1109/ACSAC.2009.39},
	Year = {2009},
	Bdsk-Url-1 = {http://dx.doi.org/10.1109/ACSAC.2009.39}}

@inproceedings{Enck:09,
	Acmid = {1653691},
	Address = {New York, NY, USA},
	Author = {Enck, William and Ongtang, Machigar and McDaniel, Patrick},
	Booktitle = {Proceedings of the 16th ACM conference on Computer and communications security},
	Doi = {10.1145/1653662.1653691},
	Isbn = {978-1-60558-894-0},
	Keywords = {android, malware, mobile phone security},
	Location = {Chicago, Illinois, USA},
	Numpages = {11},
	Pages = {235--245},
	Publisher = {ACM},
	Series = {CCS '09},
	Title = {On lightweight mobile phone application certification},
	Url = {http://doi.acm.org/10.1145/1653662.1653691},
	Year = {2009},
	Bdsk-Url-1 = {http://doi.acm.org/10.1145/1653662.1653691},
	Bdsk-Url-2 = {http://dx.doi.org/10.1145/1653662.1653691}}

@inproceedings{Felt:11CCS,
	Acmid = {2046779},
	Address = {New York, NY, USA},
	Author = {Felt, Adrienne Porter and Chin, Erika and Hanna, Steve and Song, Dawn and Wagner, David},
	Booktitle = {Proceedings of the 18th ACM conference on Computer and communications security},
	Doi = {10.1145/2046707.2046779},
	Isbn = {978-1-4503-0948-6},
	Keywords = {android, least privilege, permissions},
	Location = {Chicago, Illinois, USA},
	Numpages = {12},
	Pages = {627--638},
	Publisher = {ACM},
	Series = {CCS '11},
	Title = {Android permissions demystified},
	Url = {http://doi.acm.org/10.1145/2046707.2046779},
	Year = {2011},
	Bdsk-Url-1 = {http://doi.acm.org/10.1145/2046707.2046779},
	Bdsk-Url-2 = {http://dx.doi.org/10.1145/2046707.2046779}}

@inproceedings{Felt:11SPSM,
	Acmid = {2046618},
	Address = {New York, NY, USA},
	Author = {Felt, Adrienne Porter and Finifter, Matthew and Chin, Erika and Hanna, Steve and Wagner, David},
	Booktitle = {Proceedings of the 1st ACM workshop on Security and privacy in smartphones and mobile devices},
	Doi = {10.1145/2046614.2046618},
	Isbn = {978-1-4503-1000-0},
	Keywords = {malware, mobile devices, smartphones},
	Location = {Chicago, Illinois, USA},
	Numpages = {12},
	Pages = {3--14},
	Publisher = {ACM},
	Series = {SPSM '11},
	Title = {A survey of mobile malware in the wild},
	Url = {http://doi.acm.org/10.1145/2046614.2046618},
	Year = {2011},
	Bdsk-Url-1 = {http://doi.acm.org/10.1145/2046614.2046618},
	Bdsk-Url-2 = {http://dx.doi.org/10.1145/2046614.2046618}}

@inproceedings{Chin:11,
	Acmid = {2000018},
	Address = {New York, NY, USA},
	Author = {Chin, Erika and Felt, Adrienne Porter and Greenwood, Kate and Wagner, David},
	Booktitle = {Proceedings of the 9th international conference on Mobile systems, applications, and services},
	Doi = {10.1145/1999995.2000018},
	Isbn = {978-1-4503-0643-0},
	Keywords = {Android, intents, message passing, mobile phone security},
	Location = {Bethesda, Maryland, USA},
	Numpages = {14},
	Pages = {239--252},
	Publisher = {ACM},
	Series = {MobiSys '11},
	Title = {Analyzing inter-application communication in Android},
	Url = {http://doi.acm.org/10.1145/1999995.2000018},
	Year = {2011},
	Bdsk-Url-1 = {http://doi.acm.org/10.1145/1999995.2000018},
	Bdsk-Url-2 = {http://dx.doi.org/10.1145/1999995.2000018}}

@inproceedings{Yajin:12,
	Author = {Yajin Zhou and Xuxian Jiang},
	Booktitle = {IEEE Symposium on Security and Privacy (Oakland)},
	Title = {Dissecting Android Malware: Characterization and Evolution},
	Year = {2012}}

@inproceedings{WuZhou:12,
	Author = {Wu Zhou and Yajin Zhou and Xuxian Jiang and Peng Ning},
	Booktitle = {ACM Conference on Data and Application Security and Privacy (CODASPY)},
	Title = {{DroidMOSS}: Detecting Repackaged Smartphone Applications in Third-Party Android},
	Year = {2012}}

@inproceedings{Yajin:12NDSS,
	Author = {Yajin Zhou and Zhi Wang and Wu Zhou and Xuxian Jiang},
	Booktitle = {Network and Distributed System Security Symposium (NDSS)},
	Title = {Hey, You, Get off of My Market: Detecting Malicious Apps in Official and Alternative Android Markets},
	Year = {2012}}

@inproceedings{Grace:12,
	Author = {Michael Grace and Yajin Zhou and Zhi Wang and Xuxian Jiang},
	Booktitle = {Network and Distributed System Security Symposium (NDSS)},
	Title = {Systematic Detection of Capability Leaks in Stock Android Smartphones},
	Year = {2012}}

@inproceedings{Egele:11,
	Author = {Manuel Egele and Christopher Kruegel and Engin Kirda and Giovanni Vigna},
	Booktitle = {Network and Distributed System Security Symposium (NDSS)},
	Title = {PiOS: Detecting Privacy Leaks in iOS Applications},
	Year = {2011}}

@inproceedings{Schlegel:11,
	Author = {Roman Schlegel and Kehuan Zhang and Xiaoyong Zhou and Mehool Intwala and Apu Kapadia and XiaoFeng Wang},
	Booktitle = {Network and Distributed System Security Symposium (NDSS)},
	Title = {Soundcomber: A Stealthy and Context-Aware Sound Trojan for Smartphones},
	Year = {2011}}

@inproceedings{Bugiel:12,
	Author = {Sven Bugiel and Lucas Davi and Alexandra Dmitrienko and Thomas Fischer and Ahmad-Reza Sadeghi and Bhargava Shastry},
	Booktitle = {Network and Distributed System Security Symposium (NDSS)},
	Title = {Towards Taming Privilege-Escalation Attacks on Android},
	Year = {2012}}


@inproceedings{Nauman:11,
	Author = {Mohammad Nauman and Sohail Khan and Xinwen Zhang},
	Booktitle = {Proceedings of the 5th ACM Symposium on Information, Computer and Communications Security (ASIACCS)},
	Title = {Apex Extending Android Permission Model and Enforcement with User-De?ned Runtime Constraints},
	Year = {2010}}

@inproceedings{Zhemin:13,
	Author = {Zhemin Yang and Min Yang and Yuan Zhang and Guofei Gu and Peng Ning and X. Sean Wang},
	Booktitle = {ACM CCS},
	Title = {AppIntent: Analyzing Sensitive Data Transmission in Android for Privacy Leakage Detection},
	Year = {2013}}

@inproceedings{Long:12,
	Author = {Long Lu and Zhichun Li and Zhenyu Wu and Wenke Lee and Guofei Jiang},
	Booktitle = {ACM CCS},
	Title = {{CHEX}: Statically Vetting Android Apps for Component Hijacking Vulnerabilities},
	Year = {2012}}

@inproceedings{Rastogi:13,
	Author = {Vaibhav Rastogi and Yan Chen and William Enck},
	Booktitle = {ACM ASIACCS},
	Title = {AppsPlayground: Automatic Security Analysis of Smartphone Applications},
	Year = {2013}}

@inproceedings{Jin:13,
	Author = {Jin Han and Qiang Yan and Debin Gao and Jianying Zhou and Robert Deng},
	Booktitle = {Network and Distributed System Security Symposium ({NDSS})},
	Title = {Comparing Mobile Privacy Protection through Cross-Platform Applications},
	Year = {2013}}

@inproceedings{Nadkarni:13,
	Author = {Adwait Nadkarni and William Enck},
	Booktitle = {ACM CCS},
	Title = {Preventing Accidental Data Disclosure in Modern Operating Systems},
	Year = {2013}}

@inproceedings{Pandita:13,
	Author = {Rahul Pandita and Xusheng Xiao and Wei Yang and William Enck and Tao Xie},
	Booktitle = {USENIX Security},
	Title = {WHYPER: Towards Automating Risk Assessment of Mobile Applications},
	Year = {2013}}

@inproceedings{Chakradeo:13,
	Author = {Saurabh Chakradeo and Brad Reaves and Patrick Traynor and William Enck},
	Booktitle = {ACM Conference on Security and Privacy in Wireless and Mobile Networks},
	Title = {MAST: Triage for Market-scale Mobile Malware Analysis},
	Year = {2013}}

@inproceedings{Yuan:13,
	Author = {Yuan Zhang and Min Yang and Bingquan Xu and Zhemin Yang and Guofei Gu and Peng Ning and X. Sean Wang and Binyu Zang},
	Booktitle = {ACM CCS},
	Title = {Vetting undesirable behaviors in android apps with permission use analysis},
	Year = {2013}}

@inproceedings{Hao:12,
	Author = {Hao Peng and Chris Gates and Bhaskar Sarma and Ninghui Li and Alan Qi and Rahul Potharaju and Cristina Nita-Rotaru and Ian Molloy},
	Booktitle = {ACM CCS},
	Title = {Using Probabilistic Generative Models For Ranking Risks of Android Apps},
	Year = {2012}}

@inproceedings{Byoungyoung:14,
	Author = {Byoungyoung Lee and Long Lu and Tielei Wang and Taesoo Kim and Wenke Lee},
	Booktitle = {IEEE Symposium on Security and Privacy (Oakland)},
	Title = {From Zygote to Morula: Fortifying Weakened ASLR on Android },
	Year = {2014}}


@inproceedings{Xiaoyong:14,
	Author = {Xiaoyong Zhou and Yeonjoon Lee and Nan Zhang and Muhammad Naveed and Xiaofeng Wang},
	Booktitle = {IEEE Symposium on Security and Privacy (Oakland)},
	Title = {The Peril of Fragmentation: Security Hazards in Android Device Driver Customizations},
	Year = {2014}}

@inproceedings{Luyi:14,
	Author = {Luyi Xing and Xiaorui Pan and Rui Wang and Kan Yuan and XiaoFeng Wang},
	Booktitle = {IEEE Symposium on Security and Privacy (Oakland)},
	Title = {Upgrading Your Android, Elevating My Malware: Privilege Escalation Through Mobile OS Updating},
	Year = {2014}}

@inproceedings{Livshits:05,
	Acmid = {1251416},
	Address = {Berkeley, CA, USA},
	Author = {Livshits, V. Benjamin and Lam, Monica S.},
	Booktitle = {Proceedings of the 14th conference on USENIX Security Symposium - Volume 14},
	Location = {Baltimore, MD},
	Numpages = {1},
	Pages = {18--18},
	Publisher = {USENIX Association},
	Series = {SSYM'05},
	Title = {Finding security vulnerabilities in java applications with static analysis},
	Url = {http://dl.acm.org/citation.cfm?id=1251398.1251416},
	Year = {2005},
	Bdsk-Url-1 = {http://dl.acm.org/citation.cfm?id=1251398.1251416}}

@inproceedings{Tripp:09,
	Acmid = {1542486},
	Address = {New York, NY, USA},
	Author = {Tripp, Omer and Pistoia, Marco and Fink, Stephen J. and Sridharan, Manu and Weisman, Omri},
	Booktitle = {Proceedings of the 2009 ACM SIGPLAN conference on Programming language design and implementation},
	Doi = {10.1145/1542476.1542486},
	Isbn = {978-1-60558-392-1},
	Keywords = {java, program analysis, security, slicing, static analysis, taint analysis, web application},
	Location = {Dublin, Ireland},
	Numpages = {11},
	Pages = {87--97},
	Publisher = {ACM},
	Series = {PLDI '09},
	Title = {{TAJ}: effective taint analysis of web applications},
	Url = {http://doi.acm.org/10.1145/1542476.1542486},
	Year = {2009},
	Bdsk-Url-1 = {http://doi.acm.org/10.1145/1542476.1542486},
	Bdsk-Url-2 = {http://dx.doi.org/10.1145/1542476.1542486}}

@inproceedings{Myers:99,
	Acmid = {292561},
	Address = {New York, NY, USA},
	Author = {Myers, Andrew C.},
	Booktitle = {Proceedings of the 26th ACM SIGPLAN-SIGACT symposium on Principles of programming languages},
	Doi = {10.1145/292540.292561},
	Isbn = {1-58113-095-3},
	Location = {San Antonio, Texas, United States},
	Numpages = {14},
	Pages = {228--241},
	Publisher = {ACM},
	Series = {POPL '99},
	Title = {JFlow: practical mostly-static information flow control},
	Url = {http://doi.acm.org/10.1145/292540.292561},
	Year = {1999},
	Bdsk-Url-1 = {http://doi.acm.org/10.1145/292540.292561},
	Bdsk-Url-2 = {http://dx.doi.org/10.1145/292540.292561}}

@inproceedings{Zeldovich:06,
	Acmid = {1298481},
	Address = {Berkeley, CA, USA},
	Author = {Zeldovich, Nickolai and Boyd-Wickizer, Silas and Kohler, Eddie and Mazi\`{e}res, David},
	Booktitle = {Proceedings of the 7th symposium on Operating systems design and implementation},
	Isbn = {1-931971-47-1},
	Location = {Seattle, Washington},
	Numpages = {16},
	Pages = {263--278},
	Publisher = {USENIX Association},
	Series = {OSDI '06},
	Title = {Making information flow explicit in HiStar},
	Url = {http://dl.acm.org/citation.cfm?id=1298455.1298481},
	Year = {2006},
	Bdsk-Url-1 = {http://dl.acm.org/citation.cfm?id=1298455.1298481}}

@inproceedings{Efstathopoulos:05,
	Acmid = {1095813},
	Address = {New York, NY, USA},
	Author = {Efstathopoulos, Petros and Krohn, Maxwell and VanDeBogart, Steve and Frey, Cliff and Ziegler, David and Kohler, Eddie and Mazi\`{e}res, David and Kaashoek, Frans and Morris, Robert},
	Booktitle = {Proceedings of the twentieth ACM symposium on Operating systems principles},
	Doi = {10.1145/1095810.1095813},
	Isbn = {1-59593-079-5},
	Keywords = {event processes, information flow, labels, mandatory access control, secure web servers},
	Location = {Brighton, United Kingdom},
	Numpages = {14},
	Pages = {17--30},
	Publisher = {ACM},
	Series = {SOSP '05},
	Title = {Labels and event processes in the asbestos operating system},
	Url = {http://doi.acm.org/10.1145/1095810.1095813},
	Year = {2005},
	Bdsk-Url-1 = {http://doi.acm.org/10.1145/1095810.1095813},
	Bdsk-Url-2 = {http://dx.doi.org/10.1145/1095810.1095813}}

@inproceedings{Jovanovic:06,
	Acmid = {1130378},
	Address = {Washington, DC, USA},
	Author = {Jovanovic, Nenad and Kruegel, Christopher and Kirda, Engin},
	Booktitle = {Proceedings of the 2006 IEEE Symposium on Security and Privacy},
	Doi = {10.1109/SP.2006.29},
	Isbn = {0-7695-2574-1},
	Numpages = {6},
	Pages = {258--263},
	Publisher = {IEEE Computer Society},
	Series = {SP '06},
	Title = {Pixy: A Static Analysis Tool for Detecting Web Application Vulnerabilities (Short Paper)},
	Url = {http://dx.doi.org/10.1109/SP.2006.29},
	Year = {2006},
	Bdsk-Url-1 = {http://dx.doi.org/10.1109/SP.2006.29}}

@inproceedings{Wassermann:08,
	Acmid = {1368112},
	Address = {New York, NY, USA},
	Author = {Wassermann, Gary and Su, Zhendong},
	Booktitle = {Proceedings of the 30th international conference on Software engineering},
	Doi = {10.1145/1368088.1368112},
	Isbn = {978-1-60558-079-1},
	Keywords = {cross-site scripting, input validation, static analysis, web applications},
	Location = {Leipzig, Germany},
	Numpages = {10},
	Pages = {171--180},
	Publisher = {ACM},
	Series = {ICSE '08},
	Title = {Static detection of cross-site scripting vulnerabilities},
	Url = {http://doi.acm.org/10.1145/1368088.1368112},
	Year = {2008},
	Bdsk-Url-1 = {http://doi.acm.org/10.1145/1368088.1368112},
	Bdsk-Url-2 = {http://dx.doi.org/10.1145/1368088.1368112}}

@inproceedings{Bandhakavi:10,
	Acmid = {1929850},
	Address = {Berkeley, CA, USA},
	Author = {Bandhakavi, Sruthi and King, Samuel T. and Madhusudan, P. and Winslett, Marianne},
	Booktitle = {Proceedings of the 19th USENIX conference on Security},
	Isbn = {888-7-6666-5555-4},
	Location = {Washington, DC},
	Numpages = {1},
	Pages = {22--22},
	Publisher = {USENIX Association},
	Series = {USENIX Security'10},
	Title = {VEX: vetting browser extensions for security vulnerabilities},
	Url = {http://dl.acm.org/citation.cfm?id=1929820.1929850},
	Year = {2010},
	Bdsk-Url-1 = {http://dl.acm.org/citation.cfm?id=1929820.1929850}}

@inproceedings{HaoChen:02,
	Acmid = {586142},
	Address = {New York, NY, USA},
	Author = {Chen, Hao and Wagner, David},
	Booktitle = {Proceedings of the 9th ACM conference on Computer and communications security},
	Doi = {10.1145/586110.586142},
	Isbn = {1-58113-612-9},
	Keywords = {model checking, security, static analysis, verification},
	Location = {Washington, DC, USA},
	Numpages = {10},
	Pages = {235--244},
	Publisher = {ACM},
	Series = {CCS '02},
	Title = {MOPS: an infrastructure for examining security properties of software},
	Url = {http://doi.acm.org/10.1145/586110.586142},
	Year = {2002},
	Bdsk-Url-1 = {http://doi.acm.org/10.1145/586110.586142},
	Bdsk-Url-2 = {http://dx.doi.org/10.1145/586110.586142}}

@inproceedings{Felmetsger:10,
	Acmid = {1929834},
	Address = {Berkeley, CA, USA},
	Author = {Felmetsger, Viktoria and Cavedon, Ludovico and Kruegel, Christopher and Vigna, Giovanni},
	Booktitle = {Proceedings of the 19th USENIX conference on Security},
	Isbn = {888-7-6666-5555-4},
	Location = {Washington, DC},
	Numpages = {1},
	Pages = {10--10},
	Publisher = {USENIX Association},
	Series = {USENIX Security'10},
	Title = {Toward automated detection of logic vulnerabilities in web applications},
	Url = {http://dl.acm.org/citation.cfm?id=1929820.1929834},
	Year = {2010},
	Bdsk-Url-1 = {http://dl.acm.org/citation.cfm?id=1929820.1929834}}

@article{Hardy:88,
	Acmid = {871709},
	Address = {New York, NY, USA},
	Author = {Hardy, Norm},
	Issn = {0163-5980},
	Issue_Date = {Oct. 1988},
	Journal = {SIGOPS Oper. Syst. Rev.},
	Month = oct,
	Number = {4},
	Numpages = {3},
	Pages = {36--38},
	Publisher = {ACM},
	Title = {The Confused Deputy: (or why capabilities might have been invented)},
	Url = {http://dl.acm.org/citation.cfm?id=54289.871709},
	Volume = {22},
	Year = {1988},
	Bdsk-Url-1 = {http://dl.acm.org/citation.cfm?id=54289.871709}}

@Misc{Bouncer:12,
	author = {Hiroshi Lockheimer},
	title={Android and Security},
	howpublished={http://googlemobile.blogspot.com/2012/02/android-and-security.html},
}

%Event driven related 
@inproceedings{Staiger:07SAP,
	author = {Staiger, Stefan},
	title = {Static Analysis of Programs with Graphical User Interface},
	booktitle = {Proceedings of the 11th European Conference on Software Maintenance and Reengineering},
	series = {CSMR '07},
	year = {2007},
	isbn = {0-7695-2802-3},
	pages = {252--264},
	numpages = {13},
	url = {http://dx.doi.org/10.1109/CSMR.2007.44},
	doi = {10.1109/CSMR.2007.44},
	acmid = {1252791},
	publisher = {IEEE Computer Society},
	address = {Washington, DC, USA},
} 


@inproceedings{Staiger:07,
	author = {Staiger, Stefan},
	title = {Reverse Engineering of Graphical User Interfaces Using Static Analyses},
	booktitle = {Proceedings of the 14th Working Conference on Reverse Engineering},
	series = {WCRE '07},
	year = {2007},
	isbn = {0-7695-3034-6},
	pages = {189--198},
	numpages = {10},
	url = {http://dx.doi.org/10.1109/WCRE.2007.44},
	doi = {10.1109/WCRE.2007.44},
	acmid = {1339493},
	publisher = {IEEE Computer Society},
	address = {Washington, DC, USA},
} 

@misc{Wala:12,
	Date-Modified = {2012-04-30 06:46:08 +0000},
	Howpublished = {\url{http://wala.sourceforge.netl}},
	Title = {WALA: T.J. Watson Libraries for Analysis}}

@inproceedings{Au:12,
	author = {Au, Kathy Wain Yee and Zhou, Yi Fan and Huang, Zhen and Lie, David},
	title = {PScout: Analyzing the Android Permission Specification},
	booktitle = {Proceedings of the 2012 ACM Conference on Computer and Communications Security},
	series = {CCS '12},
	year = {2012},
	isbn = {978-1-4503-1651-4},
	location = {Raleigh, North Carolina, USA},
	pages = {217--228},
	numpages = {12},
	url = {http://doi.acm.org/10.1145/2382196.2382222},
	doi = {10.1145/2382196.2382222},
	acmid = {2382222},
	publisher = {ACM},
	address = {New York, NY, USA},
	keywords = {android, permissions, smartphone},
} 



@inproceedings{Davidsson:10:thesis,
	author = {Christoffer Davidsson},
	title = {Mobile Application Recommender System},
	booktitle = {PhD Thesis},
	year = {2010},
}


@inproceedings{backtracking,
	author    = {Samuel T. King and
	Peter M. Chen},
	title     = {Backtracking intrusions},
	booktitle = {SOSP},
	year      = {2003},
}

@inproceedings{backtracking2,
	author    = {Samuel T. King and
	Zhuoqing Morley Mao and
	Dominic G. Lucchetti and
	Peter M. Chen},
	title     = {Enriching Intrusion Alerts Through Multi-Host Causality},
	booktitle = {NDSS},
	year      = {2005},
	
}

@inproceedings{loggc,
	author    = {Kyu Hyung Lee and
	Xiangyu Zhang and
	Dongyan Xu},
	title     = {LogGC: garbage collecting audit log},
	booktitle = {CCS},
	year      = {2013},
}

@misc{mcafee,
	title = {McAfee},
	author = {McAfee},
	year = {2017},
	note = {http://www.mcafee.com/}
}

@misc{symantec,
	title = {Symantec},
	author = {Symantec},
	year = {2017},
	note = {https://www.symantec.com/}
}

@misc{kaspersky,
	title = {Kaspersky},
	note = {www.kaspersky.com/},
	author={Kaspersky},
	year=2017
}

@misc{cve,
	title = {{Common Vulnerabilities and Exposures (CVE)}},
	note = {https://cve.mitre.org/},
	author={MITRE},
	year = 2017	
}

@misc{exploitdb,
	title= {{Exploit Database}},
	note = {https://www.exploit-db.com/},
	author={Exploit Database},
	year=2017
}

@misc{sysdig,
	title= {{Sysdig}},
	note = {http://www.sysdig.org/},
	author={Sysdig},
	year = 2017
}
@misc{dtrace,
	title={{DTrace}},
	note={http://dtrace.org/},
	year = 2017,
	author={ Bryan Cantrill and Adam Leventhal and Brendan Gregg}
}

@inproceedings{applog,
	author = {Ding Yuan and Soyeon Park and Yuanyuan Zhou},
	title = {Characterising Logging Practices in Open-Source Software},
	booktitle = {ICSE},
	year   = {2012},
}

@misc{auditd,
	title={The Linux audit framework},
	note={https://github.com/linux-audit/},
	year=2017,
	author={Redhat}
}

@misc{etw,
	title={{ETW events in the common language runtime}},
	note={https://msdn.microsoft.com/en-us/library/ff357719(v=vs.110).aspx},
	author={Microsoft},
	year=2017
}

@misc{virus1,
	title={{Virus: RDN/Generic}},
	note={http://home.mcafee.com/VirusInfo/VirusProfile.aspx?key=4813355}
}

@misc{virus2,
	title={{Virus: Linux/Psybot}},
	note={http://home.mcafee.com/virusinfo/virusprofile.aspx?key=154392}
}

@misc{virus3,
	title={{Trojan:Win32/Bagsu!rfn}},
	note={http://home.mcafee.com/VirusInfo/VirusProfile.aspx?key=9609524}
}

@book{svo,
	title={The Rise and Fall of the Third Chimpanzee},
	author={Diamond, J.M.},
	year={1991},
	publisher={Radius}
}

@misc{sql,
	title={{SQL: Structured Query Language}},
	note={http://www.iso.org/iso/catalogue_detail.htm?csnumber=45498},
	author={ISO},
	year=2008
}

@misc{cypher,
	title={{Cypher Query Language}},
	note={http://neo4j.com/developer/cypher/},
	author={neo4j},
	year=2017
	
}

@misc{sparql,
	title={{SPARQL Query Language for RDF}},
	note={https://www.w3.org/TR/rdf\-sparql\-query/},
	author={W3C},
	year=2008
}

@misc{elasticsearch,
	title={{Elasticsearch}},
	note={https://www.elastic.co/},
	year =2017,
	author={elastic}
}


@misc{lucene,
	title={{Apache Lucene}},
	note={https://lucene.apache.org/},
	author={Apache},
	year=2017
}

@misc{splunk,
	title={{Splunk}},
	note={http://www.splunk.com/},
	year=2017,
	author={Splunk}
}

@misc{cybox,
	title={{Cyber Observable eXpression (CybOX}$^{TM}$)},
	year=2017,
	note={https://cyboxproject.github.io/},
	author={OASIS Cyber Threat Intelligence (CTI) TC}
	
}

@misc{stix,
	title={{Structured Threat Information eXpression (STIX}$^{TM}$)},
	year=2017,
	note={http://stixproject.github.io/},
	author={OASIS Cyber Threat Intelligence (CTI) TC}
	
}


@misc{taxii,
	title={{Trusted Automated eXchange of Indicator Information (TAXII}$^{TM}$)},
	note={https://taxiiproject.github.io/},
	year=2017,
	author={OASIS Cyber Threat Intelligence (CTI) TC}
}

@article{tgminer,
	author    = {Bo Zong and
	Xusheng Xiao and
	Zhichun Li and
	Zhenyu Wu and
	Zhiyun Qian and
	Xifeng Yan and
	Ambuj K. Singh and
	Guofei Jiang},
	title     = {Behavior Query Discovery in System-Generated Temporal Graphs},
	journal   = {{PVLDB}},
	volume    = {9},
	number    = {4},
	year      = {2015},
}



@misc{neo4j,
	title={{Neo4j: The World's Leading Graph Database}},
	note={http://neo4j.com/},
	author={Neo4j},
	year=2017
}


@misc{rdf,
	title = {{Resource Description Framework (RDF) Model and Syntax Specification}},
	note={http://www.w3.org/TR/PR-rdf-syntax/ },
	author={w3c},
	year = 1999
}

@inproceedings {chimera,
	author = {Kevin Borders and Jonathan Springer and Matthew Burnside},
	title = {Chimera: A Declarative Language for Streaming Network Traffic Analysis},
	booktitle = {USENIX Security},
	year = {2012},
}

@inproceedings{oblivm,
	author    = {Chang Liu and
	Xiao Shaun Wang and
	Kartik Nayak and
	Yan Huang and
	Elaine Shi},
	title     = {{ObliVM}: {A} Programming Framework for Secure Computation},
	booktitle = {IEEE S \& P},
	year      = {2015},
}


@inproceedings{intrusionrecovery,
	author    = {Taesoo Kim and
	Xi Wang and
	Nickolai Zeldovich and
	M. Frans Kaashoek},
	title     = {Intrusion Recovery Using Selective Re-execution},
	booktitle = {OSDI},
	year      = {2010},
}

@inproceedings{taser,
	author = {Goel, Ashvin and Po, Kenneth and Farhadi, Kamran and Li, Zheng and de Lara, Eyal},
	title = {The Taser Intrusion Recovery System},
	booktitle = {SOSP},
	year = {2005},
} 

@inproceedings{backtrackingfile,
	author    = {Sriranjani Sitaraman and
	Subbarayan Venkatesan},
	title     = {Forensic Analysis of File System Intrusions Using Improved Backtracking},
	booktitle = {IWIA},
	year      = {2005},
}

@misc{postgresql,
	title = {{PostgreSQL}},
	year=2017,
	note={http://www.postgresql.org/}
}

@misc{antlr,
	title={{ANTLR}},
	year=2017,
	note={http://www.antlr.org/}
}

@misc{tc,
	title={{Transparent Computing, Defense Advanced Research Projects Agency}},
	note={http://www.darpa.mil/program/transparent-computing},
	year = 2014,
	author={DARPA}
}

@misc{virussign,
	title={{VirusSign - Malware Research \& Data Center}},
	year=2017,
	note={http://www.virussign.com/}
}

@inproceedings{templateverification,
	author = {Srivastava, Saurabh and Gulwani, Sumit},
	title = {Program Verification Using Templates over Predicate Abstraction},
	booktitle = {PLDI},
	year = {2009},
} 


@article{templatesynthesis,
	year={2013},
	journal={International Journal on Software Tools for Technology Transfer},
	volume={15},
	number={5-6},
	title={Template-based program verification and program synthesis},
	author={Srivastava, Saurabh and Gulwani, Sumit and Foster, JeffreyS.},
}

@inproceedings{wormlog,
	author = {Jiang, Xuxian and Walters, AAron and Xu, Dongyan and Spafford, Eugene H. and Buchholz, Florian and Wang, Yi-Min},
	title = {Provenance-Aware Tracing of Worm Break-in and Contaminations: A Process Coloring Approach},
	booktitle = {ICDCS},
	year = {2006},
	
}

@inproceedings{beep,
	author    = {Kyu Hyung Lee and
	Xiangyu Zhang and
	Dongyan Xu},
	title     = {High Accuracy Attack Provenance via Binary-based Execution Partition},
	booktitle = {NDSS},
	year      = {2013},
	
}

@misc{securitylandslide,
	title = {Understanding the Security Vendor Landscape Using the Cyber Defense Matrix},
	author={Sounil Yu},
	year={2016},
	note={RSA Conferences}
}

@misc{ebay,
	title = {{Ebay Inc. to ask Ebay users to change passwords}},
	note={http://blog.ebay.com/ebay-inc-ask-ebay-users-change-passwords/},
	author={Ebay},
	year=2014
}

@misc{homedepot,
	title ={{Home Depot Confirms Data Breach At U.S., Canadian Stores}},
	note={http://www.npr.org/2014/09/09/347007380/home-depot-confirms-data-breach-at-u-s-canadian-stores},
	author={NPR},
	year=2014
}

@misc{opm,
	title={{OPM government data breach impacted 21.5 million}},
	note={http://www.cnn.com/2015/07/09/politics/office-of-personnel-management-data-breach-20-million},
	author={cnn},
	year=2015
}

@misc{trustwave,
	title={{Trustwave Global Security Report 2015}},
	note={https://www2.trustwave.com/rs/815-RFM-693/images/2015\_TrustwaveGlobalSecurityReport.pdf}
}

@misc{tbql,
	title = {{Temporal Behavioral Query Language for Querying Risky System Behaviors}},
	note={https://sites.google.com/site/tbqlproject/}
}

@misc{cve1,
	title={{CVE-2010-2075}},
	note = {https://cve.mitre.org/cgi-bin/cvename.cgi?name=CVE-2010-2075}
}

@misc{cve2,
	title={{CVE-2015-1701}},
	note = {http://www.cve.mitre.org/cgi-bin/cvename.cgi?name=cve-2015-1701}
}

@misc{killchain,
	title={{Cyber Kill Chain}},
	note={http://www.lockheedmartin.com/us/what-we-do/information-technology/cybersecurity/tradecraft/cyber-kill-chain.html},
}

@inproceedings{g2,
	author    = {Zhenyu Guo and
	Dong Zhou and
	Haoxiang Lin and
	Mao Yang and
	Fan Long and
	Chaoqiang Deng and
	Changshu Liu and
	Lidong Zhou},
	title     = {{G2:} {A} Graph Processing System for Diagnosing Distributed Systems},
	booktitle = {{USENIX} ATC},
	year      = {2011},
}

@inproceedings{pip,
	author = {Reynolds, Patrick and Killian, Charles and Wiener, Janet L. and Mogul, Jeffrey C. and Shah, Mehul A. and Vahdat, Amin},
	title = {Pip: Detecting the Unexpected in Distributed Systems},
	booktitle = {NSDI},
	year = {2006},
} 

@techreport{dapper,
	title = {Dapper, a Large-Scale Distributed Systems Tracing Infrastructure},
	author  = {Benjamin H. Sigelman and Luiz André Barroso and Mike Burrows and Pat Stephenson and Manoj Plakal and Donald Beaver and Saul Jaspan and Chandan Shanbhag},
	year  = {2010},
	URL = {http://research.google.com/archive/papers/dapper-2010-1.pdf},
	institution = {Google, Inc.}
}

@INPROCEEDINGS{ai2, 
	author={K. Veeramachaneni and I. Arnaldo and V. Korrapati and C. Bassias and K. Li}, 
	booktitle={BigDataSecurity}, 
	title={{AI$^2$: Training a Big Data Machine to Defend}}, 
	year={2016}, 
}

@misc{splunkjoin,
	title={Splunk: joining two searches with common field},
	note={https://answers.splunk.com/answers/105469/joining-two-searches-with-common-field.html},
	author={splunk},
	year=2013
}

@misc{splunklimit,
	title={Splunk: Limits that shouldn't be exeeded and potential big data},
	note={https://answers.splunk.com/answers/80334/limits-that-shouldnt-be-exeeded-and-potential-big-data.html},
	author={splunk},
	year=2013
}

@inproceedings{insider,
	author = {Senator, Ted E. and Goldberg, Henry G. and Memory, Alex and Young, William T. and Rees, Brad and Pierce, Robert and Huang, Daniel and Reardon, Matthew and Bader, David A. and Chow, Edmond and Essa, Irfan and Jones, Joshua and Bettadapura, Vinay and Chau, Duen Horng and Green, Oded and Kaya, Oguz and Zakrzewska, Anita and Briscoe, Erica and Mappus, Rudolph IV L. and McColl, Robert and Weiss, Lora and Dietterich, Thomas G. and Fern, Alan and Wong, Weng--Keen and Das, Shubhomoy and Emmott, Andrew and Irvine, Jed and Lee, Jay-Yoon and Koutra, Danai and Faloutsos, Christos and Corkill, Daniel and Friedland, Lisa and Gentzel, Amanda and Jensen, David},
	title = {Detecting Insider Threats in a Real Corporate Database of Computer Usage Activity},
	booktitle = {KDD},
	year = {2013},
} 

@inproceedings{networkmalware,
	author = {Zhang, Hao and Yao, Danfeng Daphne and Ramakrishnan, Naren},
	title = {Detection of Stealthy Malware Activities with Traffic Causality and Scalable Triggering Relation Discovery},
	booktitle = {Proceedings of the 9th ACM Symposium on Information, Computer and Communications Security},
	series = {ASIA CCS '14},
	year = {2014},
	isbn = {978-1-4503-2800-5},
	location = {Kyoto, Japan},
	pages = {39--50},
	numpages = {12},
	url = {http://doi.acm.org/10.1145/2590296.2590309},
	doi = {10.1145/2590296.2590309},
	acmid = {2590309},
	publisher = {ACM},
	address = {New York, NY, USA},
	keywords = {anomaly detection, network security, stealthy malware},
} 

@inproceedings{trafficaggregation,
	author = {Yen, Ting-Fang and Reiter, Michael K.},
	title = {Traffic Aggregation for Malware Detection},
	booktitle = {Proceedings of the 5th International Conference on Detection of Intrusions and Malware, and Vulnerability Assessment},
	series = {DIMVA '08},
	year = {2008},
	isbn = {978-3-540-70541-3},
	location = {Paris, France},
	pages = {207--227},
	numpages = {21},
	url = {http://dx.doi.org/10.1007/978-3-540-70542-0_11},
	doi = {10.1007/978-3-540-70542-0_11},
	acmid = {1428337},
	publisher = {Springer-Verlag},
	address = {Berlin, Heidelberg},
} 

@inproceedings{malwaresystemcall,
	author = {Kolbitsch, Clemens and Comparetti, Paolo Milani and Kruegel, Christopher and Kirda, Engin and Zhou, Xiaoyong and Wang, XiaoFeng},
	title = {Effective and Efficient Malware Detection at the End Host},
	booktitle = {{USENIX Security}},
	year = {2009},
	pages = {351--366},
} 

@inproceedings{accessminer,
	author = {Lanzi, Andrea and Balzarotti, Davide and Kruegel, Christopher and Christodorescu, Mihai and Kirda, Engin},
	title = {AccessMiner: Using System-centric Models for Malware Protection},
	booktitle = {CCS},
	year = {2010},
} 

@inproceedings{staticanalyzer,
	author = {Sung, A. H. and Xu, J. and Chavez, P. and Mukkamala, S.},
	title = {Static Analyzer of Vicious Executables ({SAVE})},
	booktitle = {ACSAC},
	year = {2004},
} 

@misc{ntp,
	title={{Network Time Protocol (Version 3) Specification, Implementation and Analysis}},
	note={https://tools.ietf.org/html/rfc1305}
}

@misc{ntperror,
	title={Clock Accuracy of Network Time Protocol},
	note={http://www.ntp.org/ntpfaq/NTP-s-algo.htm\#Q-ACCURATE-CLOCK}
}



@inproceedings{androidteststudy,
	author    = {Shauvik Roy Choudhary and
	Alessandra Gorla and
	Alessandro Orso},
	title     = {Automated Test Input Generation for Android: Are We There Yet? {(E)}},
	booktitle = {Proceedings of IEEE/ACM International Conference on Automated Software Engineering (ASE)},
	pages     = {429--440},
	year      = {2015},
}

@misc{androidcomponent,
	author={{Google}},
	title={{App Components}},
	note={https://developer.android.com/guide/components/index.html},
	year=2017
}


@inproceedings{feltpermission,
	author = {Felt, Adrienne Porter and Chin, Erika and Hanna, Steve and Song, Dawn and Wagner, David},
	title = {Android Permissions Demystified},
	booktitle = {Proceedings of ACM Conference on Computer and Communications Security (CCS)},
	year = {2011},
	pages = {627--638},
} 

@inproceedings{repackagestudy,
	author = {Zhou, Wu and Zhou, Yajin and Jiang, Xuxian and Ning, Peng},
	title = {Detecting Repackaged Smartphone Applications in Third-party Android Marketplaces},
	booktitle = {Proceedings of ACM Conference on Data and Application Security and Privacy (CODASPY)},
	year = {2012},
	pages = {317--326},
} 


@inproceedings{googlestudy,
	author = {Viennot, Nicolas and Garcia, Edward and Nieh, Jason},
	title = {A Measurement Study of Google Play},
	booktitle = {Proceedings of ACM SIGMETRICS conference  (SIGMETRICS)},
	year = {2014},
	pages = {221--233},
}

@inproceedings{adexpect,
	author = {Lin, Jialiu and Amini, Shahriyar and Hong, Jason I. and Sadeh, Norman and Lindqvist, Janne and Zhang, Joy},
	title = {Expectation and Purpose: Understanding Users' Mental Models of Mobile App Privacy Through Crowdsourcing},
	booktitle = {Proceedings of the ACM International Joint Conference on Pervasive and Ubiquitous Computing (UbiComp)},
	year = {2012},
	pages = {501--510},
} 


@inproceedings{deescalate,
	author = {Liu, Bin and Liu, Bin and Jin, Hongxia and Govindan, Ramesh},
	title = {Efficient Privilege De-Escalation for Ad Libraries in Mobile Apps},
	booktitle = {Proceedings of the Annual International Conference on Mobile Systems, Applications, and Services (MobiSys)},
	year = {2015},
	pages = {89--103},
} 

@inproceedings {decaf,
	author = {Bin Liu and Suman Nath and Ramesh Govindan and Jie Liu},
	title = {DECAF: Detecting and Characterizing Ad Fraud in Mobile Apps},
	booktitle = {Proceedings of the USENIX Symposium on Networked Systems Design and Implementation (NSDI) 14},
	year = {2014},
	pages = {57--70},
}



@misc{google,
	title = {Google report: Android security 2014 year in review},
	author= Google,
	year = 2014,
	note= {https://static.googleusercontent.com/media/source.android.com/en/security/reports/Google Android Security 2014 Report Final.pdf}
}

@InProceedings{copperdroid,
	author =       {Kimberly Tam and Salahuddin J. Khan and Aristide Fattori and Lorenzo Cavallaro},
	title =        {{CopperDroid}: Automatic Reconstruction of Android Malware Behaviors},
	booktitle = {Proceedings of the Network and Distributed System Security Symposium (NDSS)},
	year =      2015,
}

@inproceedings{ren2004chianti,
	title={Chianti: a tool for change impact analysis of java programs},
	author={Ren, Xiaoxia and Shah, Fenil and Tip, Frank and Ryder, Barbara G and Chesley, Ophelia},
	booktitle={Proceedings of the ACM SIGPLAN International Conference on Object-Oriented Programming, Systems, Languages, and Applications (OOPSLA)},
	pages={432--448},
	year={2004},
}

@inproceedings{zhang2011localizing,
	title={Localizing failure-inducing program edits based on spectrum information},
	author={Zhang, Lingming and Kim, Miryung and Khurshid, Sarfraz},
	booktitle={Proceedings of the IEEE International Workshop on Communicating Business Process and Software Models Quality, Understandability, and Maintainability (ICSM)},
	pages={23--32},
	year={2011}
}

@misc{monkey,
	title = {{UI/Application Exerciser Monkey}},
	author = {{Google}},
	year={2017},
	note = "\url{http://developer.android.com/tools/help/monkey.html}"
}



@inproceedings{law2003whole,
	title={Whole program path-based dynamic impact analysis},
	author={Law, James and Rothermel, Gregg},
	booktitle={Proceedings of the International Conference on Software Engineering (ICSE)},
	pages={308--318},
	year={2003}
}

@inproceedings{dynodroid,
	author = {Machiry, Aravind and Tahiliani, Rohan and Naik, Mayur},
	title = {Dynodroid: An Input Generation System for Android Apps},
	booktitle = {Proceedings of the ACM SIGSOFT Symposium on the Foundations of Software Engineering and European Software Engineering (ESEC/FSE)},
	year = {2013},
} 

@inproceedings{androidreplay,
	author = {Gomez, Lorenzo and Neamtiu, Iulian and Azim, Tanzirul and Millstein, Todd},
	title = {RERAN: Timing- and Touch-sensitive Record and Replay for Android},
	booktitle = {Proceedings of the International Conference on Software Engineering (ICSE)},
	year = {2013},
	
}

@inproceedings{hasbugfix,
	author = {Gu, Zhongxian and Barr, Earl T. and Hamilton, David J. and Su, Zhendong},
	title = {Has the Bug Really Been Fixed?},
	booktitle = {Proceedings of the International Conference on Software Engineering (ICSE)},
	year = {2010},
} 


@inproceedings{geneticrepair,
	author = {Weimer, Westley and Nguyen, ThanhVu and Le Goues, Claire and Forrest, Stephanie},
	title = {Automatically Finding Patches Using Genetic Programming},
	booktitle = {Proceedings of the International Conference on Software Engineering (ICSE)},
	year = {2009},
} 

@inproceedings{cnc,
	author = {Csallner, Christoph and Smaragdakis, Yannis},
	title = {Check 'N' Crash: Combining Static Checking and Testing},
	booktitle = {Proceedings of the International Conference on Software Engineering (ICSE)},
	year = {2005},
} 


@inproceedings{concolicdroid,
	author = {Anand, Saswat and Naik, Mayur and Harrold, Mary Jean and Yang, Hongseok},
	title = {Automated Concolic Testing of Smartphone Apps},
	booktitle = {Proceedings of the ACM SIGSOFT Symposium on the Foundations of Software Engineering (FSE)},
	year = {2012},
} 


@inproceedings{patchdroid,
	author = {Mulliner, Collin and Oberheide, Jon and Robertson, William and Kirda, Engin},
	title = {PatchDroid: Scalable Third-party Security Patches for Android Devices},
	booktitle = {Proceedings of the Annual Computer Security Applications Conference (ACSAC)},
	year = {2013},
} 


@misc{dex2jar,
	title={dex2jar: Tools to work with Android .dex and java .class files},
	note="\url{https://github.com/pxb1988/dex2jar}",
	year = 2017,
	author={Bob Pan}
}

@misc{wala,
	title = {{WALA}: IBM T.J. Watson libraries for analysis},
	note = "\url{http://wala.sourceforge.net}"
}


@INPROCEEDINGS{soot,
	author = {Raja Vallee-Rai and Etienne Gagnon and Laurie Hendren and Patrick Lam and Patrice Pominville and Vijay Sundaresan},
	title = {Optimizing Java Bytecode using the Soot Framework: Is it Feasible?},
	booktitle = {Proceedings of the International Conference on Compiler Construction (CC)},
	year = {2000},
}


@inproceedings{dynsec,
	author    = {Mathias Payer and
	Boris Bluntschli and
	Thomas R. Gross},
	title     = {DynSec: On-the-fly Code Rewriting and Repair},
	booktitle = {Proc. HotSWUp},
	year      = {2013},
}

@inproceedings{dytan,
	author = {Clause, James and Li, Wanchun and Orso, Alessandro},
	title = {Dytan: A Generic Dynamic Taint Analysis Framework},
	booktitle = {Proceedings of the International Symposium on Software Testing and Analysis (ISSTA)},
	year = {2007},
} 

@inproceedings{valgrind,
	author = {Nethercote, Nicholas and Seward, Julian},
	title = {Valgrind: A Framework for Heavyweight Dynamic Binary Instrumentation},
	booktitle = {Proceedings of the ACM SIGPLAN Conference on Programming Language Design and Implementation (PLDI)},
	year = {2007},
} 


@inproceedings{pin,
	author = {Luk, Chi-Keung and Cohn, Robert and Muth, Robert and Patil, Harish and Klauser, Artur and Lowney, Geoff and Wallace, Steven and Reddi, Vijay Janapa and Hazelwood, Kim},
	title = {Pin: Building Customized Program Analysis Tools with Dynamic Instrumentation},
	booktitle = {Proceedings of the ACM SIGPLAN Conference on Programming Language Design and Implementation (PLDI)},
	year = {2005},
} 

@inproceedings{dare,
	author = {Octeau, Damien and Jha, Somesh and McDaniel, Patrick},
	title = {Retargeting Android Applications to Java Bytecode},
	booktitle = {Proceedings of the ACM SIGSOFT Symposium on the Foundations of Software Engineering (FSE)},
	year = {2012},
} 

@inproceedings{binaryinstrumentation,
	author = {Bernat, Andrew R. and Roundy, Kevin and Miller, Barton P.},
	title = {Efficient, Sensitivity Resistant Binary Instrumentation},
	booktitle = {Proceedings of the International Symposium on Software Testing and Analysis (ISSTA)},
	year = {2011},
} 

@inproceedings{androidhealing,
	author = {Azim, Md. Tanzirul and Neamtiu, Iulian and Marvel, Lisa M.},
	title = {Towards Self-healing Smartphone Software via Automated Patching},
	booktitle = {Proceedings of IEEE/ACM International Conference on Automated Software Engineering (ASE)},
	year = {2014},
} 


@INPROCEEDINGS{i-arm-droid,
	author = {Benjamin Davis and Ben S and Armen Khodaverdian and Hao Chen},
	title = {{I-Arm-Droid}: A rewriting framework for in-app reference monitors for android applications},
	booktitle = {Proceedings of Mobile Security Technologies (MoST)},
	year = {2012}
}

@inproceedings{appguard,
	author = {Backes, Michael and Gerling, Sebastian and Hammer, Christian and Maffei, Matteo and von Styp-Rekowsky, Philipp},
	title = {AppGuard: Enforcing User Requirements on Android Apps},
	booktitle = {Proceedings of the International Symposium on Tools and Algorithms for the Construction and Analysis of Systems (TACAS)},
	year = {2013},
} 

@inproceedings{retroandroid,
	author = {Davis, Benjamin and Chen, Hao},
	title = {RetroSkeleton: Retrofitting Android Apps},
	booktitle = {Proceedings of the Annual International Conference on Mobile Systems, Applications, and Services (MobiSys)},
	year = {2013},
} 

@inproceedings{sifmobile,
	author = {Hao, Shuai and Li, Ding and Halfond, William G.J. and Govindan, Ramesh},
	title = {SIF: A Selective Instrumentation Framework for Mobile Applications},
	booktitle = {Proceedings of the Annual International Conference on Mobile Systems, Applications, and Services (MobiSys)},
	year = {2013},
} 

@inproceedings{liu2015pedal,
	title={Medusa: A programming framework for crowd-sensing applications},
	author={Bin Liu and Bin Liu and Hongxia Jin and Ramesh Govindan},
	booktitle={Proceedings of the Annual International Conference on Mobile Systems, Applications, and Services (MobiSys)},
	year={2015}
}

@inproceedings{le2012systematic,
	title={A systematic study of automated program repair: Fixing 55 out of 105 bugs for \$8 each},
	author={Le Goues, Claire and Dewey-Vogt, Michael and Forrest, Stephanie and Weimer, Westley},
	booktitle={Proceedings of the International Conference on Software Engineering (ICSE)},
	pages={3--13},
	year={2012}
}

@inproceedings{kim2013automatic,
	title={Automatic patch generation learned from human-written patches},
	author={Kim, Dongsun and Nam, Jaechang and Song, Jaewoo and Kim, Sunghun},
	booktitle={Proceedings of the International Conference on Software Engineering (ICSE)},
	pages={802--811},
	year={2013}}

@inproceedings{qi2014strength,
	title={The strength of random search on automated program repair},
	author={Qi, Yuhua and Mao, Xiaoguang and Lei, Yan and Dai, Ziying and Wang, Chengsong},
	booktitle={Proceedings of the International Conference on Software Engineering (ICSE)},
	pages={254--265},
	year={2014}}


@inproceedings{gao2015safe,
	title={The strength of random search on automated program repair},
	author={Qing Gao and Yingfei Xiong and Yaqing Mi and Lu Zhang and Weikun Yang and Zhaoping Zhou and Bing Xie and Hong Mei},
	booktitle={Proceedings of the International Conference on Software Engineering (ICSE)},
	year={2015}}

@inproceedings{jin2011automated,
	title={Automated atomicity-violation fixing},
	author={Jin, Guoliang and Song, Linhai and Zhang, Wei and Lu, Shan and Liblit, Ben},
	booktitle={Proceedings of the ACM SIGPLAN Conference on Programming Language Design and Implementation (PLDI)},
	pages={389--400},
	year={2011}
}
@inproceedings{jin2012automated,
	title={Automated Concurrency-Bug Fixing},
	author={Jin, Guoliang and Zhang, Wei and Deng, Dongdong and Liblit, Ben and Lu, Shan},
	booktitle={Proceedings of the USENIX Symposium on Operating Systems Design and Implementation (OSDI)},
	pages={221--236},
	year={2012}
}


% This file was created with JabRef 2.5.
% Encoding: Cp1252.

@inproceedings{ded,
	author    = {William Enck and Damien Octeau and Patrick McDaniel and Swarat Chaudhuri},
	title     = {A Study of Android Application Security},
	booktitle = {Proceedings of USENIX Security Symposium (USENIX Security)},
	year      = {2011},
}


@proceedings{appfence,
	editor    = {Yan Chen and
	George Danezis and
	Vitaly Shmatikov},
	title     = {Proceedings of ACM Conference on Computer and Communications Security (CCS)},
	booktitle = {Proceedings of ACM Conference on Computer and Communications Security (CCS)},
	publisher = {ACM},
	year      = {2011},
	isbn      = {978-1-4503-0948-6},
	bibsource = {DBLP, http://dblp.uni-trier.de}
}


@inproceedings{jflow,
	author = {Myers, Andrew C.},
	title = {JFlow: Practical Mostly-static Information Flow Control},
	booktitle = {Proceedings of the ACM SIGPLAN Symposium on Principles of Programming Languages (POPL)},
	year = {1999},
	pages = {228--241},
} 

@inproceedings{covert,
	author    = {Shiuh-Pyng Shieh and
	Virgil D. Gligor},
	title     = {Auditing the Use of Covert Storage Channels in Secure Systems},
	booktitle = {Proceedings of the IEEE Symposium on Security and Privacy (Oakland)},
	year      = {1990},
	pages     = {285-295},
}


@Misc{obfuscation,
	author={Fraser Howard},
	title={{Malware with your mocha: Obfuscation
	and anti-emulation tricks inmalicious JavaScript}},
	url = {http://en.wikipedia.org/wiki/Minesweeper\_(computer\_game)},
	note = {http://www.sophos.com/security/technical-papers/malware\_with\_your\_mocha.pdf},
	year = 2011,
	month = sep
	
}


@Inproceedings{dta++,
	author = {Min Gyung Kang and Stephen McCamant and Pongsin Poosankam and Dawn Song},
	title = {{DTA}++: Dynamic Taint Analysis with Targeted Control-Flow Propagation},
	booktitle = {Proceedings of the Network and Distributed System Security Symposium (NDSS)},
	address = {San Diego, CA},
	year = 2011,
	month = feb
}

@INPROCEEDINGS{ccsandroidperm,
	author = {Adrienne Porter Felt and Erika Chin and Steve Hanna and Dawn Song and David Wagner},
	title = {{Android Permissions Demystified}},
	booktitle = {Proceedings of ACM Conference on Computer and Communications Security (CCS)},
	year = {2011},
}

@article{pdg,
	author = {Jeanne Ferrante and Karl J. Ottenstein},
	title = {{The Program Dependence Graph And Its Use in Optimization}},
	journal = {ACM Transactions on Programming Languages and Systems},
	volume = {9},
	year = {1987},
	pages = {319--349},
	issue = {3},
	doi = {10.1145/24039.24041},
	masid = {857415}
}

@inproceedings{privacyrevelation,
	author = {Wetherall, D. and Choffnes, D. and Greenstein, B. and Han, S. and Hornyack, P. and Jung, J. and Schechter, S. and Wang, X.},
	title = {{Privacy Revelations for Web And Mobile Apps}},
	booktitle = {Proceedings of the Workshop on Hot Topics in Operating Systems (HotOS)},
	year = {2011},
	pages = {21--21},
} 

@inproceedings{vision,
	author = {Gilbert, Peter and Chun, Byung-Gon and Cox, Landon P. and Jung, Jaeyeon},
	title = {{Vision: Automated Security Validation of Mobile Apps At App Markets}},
	booktitle = {Proceedings of the International Workshop on Mobile Cloud Computing and Services (MCS)},
	year = {2011},
	pages = {21--26}
} 

@Misc{minesweeper,
	title={{Minesweeper}},
	url = {http://en.wikipedia.org/wiki/Minesweeper\_(computer\_game)},
	note = {\url{http://en.wikipedia.org/wiki/Minesweeper\_(computer\_game)}}
	
}

@Misc{tdweb,
	title={{TouchDevelop Website}},
	url = {{http://www.touchdevelop.com/}},
	note = {\url{http://www.touchdevelop.com/}}
}

@Misc{tdweb-anon,
	title={{DevSystemX Website}},
	note = {Anonymized for double blind review},
}

@Misc{touchdevelop,
	title={{TouchDevelop}},
	url = {http://research.microsoft.com/TouchDevelop},
	note = {http://research.microsoft.com/TouchDevelop}
	
}

@Misc{touchdevelop-anon,
	title={{DevPlatformX}},
	note = {Anonymized for double blind review}
}


@inproceedings{laminar,
	author = {Indrajit Roy and Donald E. Porter and Michael D. Bond and Kathryn S. Mckinley and Emmett Witchel},
	title = {Laminar: Practical Fine-grained Decentralized Information Flow Control},
	booktitle = {Proceedings of the ACM SIGPLAN Conference on Programming Language Design and Implementation (PLDI)},
	year = {2009},
	pages = {63--74}
}


@inproceedings{slam,
	author = {Nevin Heintze and Jon G. Riecke},
	title = {{The SLam Calculus: Programming with Secrecy And Integrity}},
	booktitle = {Proceedings of the ACM SIGPLAN Symposium on Principles of Programming Languages (POPL)},
	year = {1998},
	pages = {365--377}
}

@article{decentralized,
	author = {Andrew C. Myers and Barbara Liskov},
	title = {{Protecting Privacy using The Decentralized Label Model}},
	journal = {ACM Transactions on Software Engineering and Methodology},
	year = {2000},
}

@article{languageflow,
	author = {Sabelfeld, A. and Myers, A. C.},
	title = {Language-based Information-flow Security},
	journal = {IEEE Journal of Selected Areas in Communication},
	volume = {21},
	number = {1},
	year = {2006},
	pages = {5--19},
} 


@incollection {myers-declassify,
	author = {Askarov, Aslan and Myers, Andrew},
	title = {A Semantic Framework for Declassification and Endorsement},
	booktitle = {Programming Languages and Systems},
	series = {LNCS},
	publisher = {Springer},
	pages = {64-84},
	volume = {6012},
	url = {http://dx.doi.org/10.1007/978-3-642-11957-6_5},
	year = {2010}
}

@book{sqlinjection,
	title={{Exploiting Software: How To Break Code}},
	author={Hoglund, G. and Mcgraw, G.},
	isbn={9788131700839},
	url={http://books.google.com/books?id=YtiwuELN-RYC},
	year={2004},
	publisher={Pearson Education}
}



@article{tainteraser,
	author = {Zhu, David (Yu) and Jung, Jaeyeon and Song, Dawn and Kohno, Tadayoshi and Wetherall, David},
	title = {{TaintEraser: Protecting Sensitive Data Leaks Using Application-Level Taint Tracking}},
	journal = {SIGOPS Operating Systems Review (OSR)},
	year = {2011},
	pages = {142--154}
} 


@article{privilege, 
	title={{The Protection of Information in Computer Systems}}, 
	journal={Proceedings of the IEEE}, 
	publisher={IEEE}, 
	author={Saltzer, J H and Schroeder, M D}, 
	year={1975}, 
	pages={1278--1308}
}


@InProceedings{androidPermission, 
	author = {T. Vidas and N. Christin and L. Cranor},
	title = {{Curbing {Android} Permission Creep}}, 
	booktitle = {Proceedings of the Workshop on Web 2.0 Security and Privacy (W2SP)},
	month = {May},
	year = {2011}, 
	address = {Oakland, CA}
}


@inproceedings{windowscontrol,
	author = {Motiee, Sara and Hawkey, Kirstie and Beznosov, Konstantin},
	title = {{Do Windows Users Follow The Principle of Least Privilege?: Investigating User Account Control Practices}},
	booktitle = {Proceedings of the Symposium on Usable Privacy and Security (SOUPS)},
	series = {SOUPS '10},
	year = {2010},
	pages = {1:1--1:13}
}


@misc{windows,
	title={{What is User Account Control?}},
	author={MICROSOFT},
	url = {{http://windows.microsoft.com/en-US/windows-vista/What-is-User-Account-Control}},
	year={2011},
	note = {http://windows.microsoft.com/en-US/windows-vista/What-is-User-Account-Control}
	
}

@article{usability,
	author = {Ka-Ping Yee},
	title = {{Aligning Security and Usability}},
	journal ={IEEE Security and Privacy},
	volume = {2},
	year = {2004},
	pages = {48-55}
}


@ARTICLE{userdriven,
	author = {Franziska Roesner},
	title = {{User-Driven Access Control: A New Model for Granting Permissions in Modern Operating Systems}},
	journal = { Qualifying Examination Project, University of Washington},
	year =	 2011,
	month =	 jun
} 


@inproceedings{permission,
	author = {Felt, Adrienne Porter and Greenwood, Kate and Wagner, David},
	title = {{The Effectiveness of Application Permissions}},
	booktitle = {USENIX Conference on Web Application Development (WebApps)},
	year = 2011
} 




@inproceedings{taintDroid,
	author = {Enck, William and Gilbert, Peter and Chun, Byung-Gon and Cox, Landon P. and Jung, Jaeyeon and McDaniel, Patrick and Sheth, Anmol N.},
	title = {{TaintDroid: An Information-Flow Tracking System for Realtime Privacy Monitoring on Smartphones}},
	booktitle = {Proceedings of the USENIX Symposium on Operating Systems Design and Implementation (OSDI)},
	pages = {1--6},
	year = {2010}
	
} 



@Misc{android,
	title={{Android}},
	url = {{http://www.android.com/}},
	note = {\url{http://www.android.com/}}
	
}

@Misc{winphone,
	title={{Windows Phone}},
	url = {{http://www.microsoft.com/windowsphone/}},
	note = {\url{http://www.microsoft.com/windowsphone/}}
	
}

@Misc{ios,
	title={{iOS}},
	url = {{http://www.apple.com/ios/}},
	note = {\url{http://www.apple.com/ios/}}
	
}

@inproceedings{immutable,
	author = {Dirk Riehle},
	title  ={{Value Object}},
	year = {2006},
	pages = {30:1--30:6},
	booktitle = {Proceedings of the Conference on Pattern Languages of Programs (PLoP)}
}

@article{sideeffect,
	author = {Dolado, J. J. and Harman, M. and Otero, M. C. and Hu, L.},
	title = {{An Empirical Investigation of the Influence of a Type of Side Effects on Program Comprehension}}, 
	journal = {IEEE Transactions of Software Engineering},
	volume = {29},
	issue = {7},
	year = {2003},
	pages = {665--670}
} 


@Misc{facebook,
	title={{Facebook}},
	url = {{http://www.facebook.com/}},
	note = {\url{http://www.facebook.com/}}
	
}


@inproceedings{hybridFlow,
	author = {Deepak Chandra and Michael Franz},
	title = {{Fine-Grained Information Flow Analysis and Enforcement in a Java Virtual Machine}},
	booktitle = {Annual Computer Security Applications Conference (ACSAC)},
	year = {2007},
	pages = {463--475}}
}

@article{certification,
	author = {Dorothy E. Denning and Peter J. Denning},
	title = {{Certification of Programs for Secure Information Flow}},
	journal = {Communications of The ACM},
	year = {1977},
	pages = {504--513}
}

@book{compiler,
	title={{Compiler construction}},
	author={Wirth, N.},
	year={1996},
	publisher={Addison-Wesley}
}


@article{flow,
	author = {Denning, Dorothy E.},
	title = {{A Lattice Model of Secure Information Flow}},
	journal = {Communications of The ACM},
	year = {1976},
	
	pages = {236--243}
	
} 


@ARTICLE{tdlanguage,
	author = {Nikolai Tillmann and Michal Moskal and Jonathan de Halleux},
	title = {{TouchDevelop - Programming Cloud-Connected Mobile Devices via Touchscreen}},
	journal = {Microsoft Technical Report MSR-TR-2011-49},
	year = {2011}
}

@ARTICLE{touchstudio-anon,
	author = {Anonymized authors},
	title = {{Anonymized title}}, 
	journal = {Anonymized journal},
	year = {2011}
}

@inproceedings{staticscript,
	author = {Xie, Yichen and Aiken, Alex},
	title = {{Static Detection of Security Vulnerabilities in Scripting Languages}},
	booktitle = {Proceedings of the USENIX Security Symposium (USENIX Security)},
	year = {2006}
} 


@Misc{hhs,
	title={{U.S. Department of Health \& Human Service (HHS)}},
	url = {{http://www.hhs.gov/}},
	note = {\url{http://www.hhs.gov/}}
	
}


@Misc{onc,
	title={{Office of the National Coordinator for Health Information Technology (ONC)}},
	url = {{http://www.hhs.gov/healthit/}},
	note = {\url{http://www.hhs.gov/healthit/}}
	
}


@INPROCEEDINGS{Dougherty06specifyingand,
	author = {Daniel J. Dougherty and Kathi Fisler and Shriram Krishnamurthi},
	title = {{Specifying And Reasoning about Dynamic Access-Control Policies}},
	booktitle = {Proceedings of the International Joint Conference on Automated Reasoning (IJCAR)},
	year = {2006},
	pages = {632--646}
}

@Misc{xacmldoc,
	title={{eXtensible Access Control Markup Language (XACML) Version 2.0}},
	year = {2005},
	url = {{\text docs.oasis-open.org/xacml/2.0/access\_control-xacml-2.0-core-spec-os.pdf}},
	note = {{\text docs.oasis-open.org/xacml/2.0/access\_control-xacml-2.0-core-spec-os.pdf}}
	
}

@Misc{hhs,
	title={{eXtensible Access Control Markup Language (XACML) Version 2.0}},
	year = {2005},
	url = {{\text docs.oasis-open.org/xacml/2.0/access\_control-xacml-2.0-core-spec-os.pdf}},
	note = {{\text docs.oasis-open.org/xacml/2.0/access\_control-xacml-2.0-core-spec-os.pdf}}
	
}

@Misc{itrustweb,
	title={{iTrust: Role-Based Healthcare}},
	year = {2008},
	url = {http://agile.csc.ncsu.edu/iTrust/wiki/},
	note = {http://agile.csc.ncsu.edu/iTrust/wiki/}
	
}

@inproceedings{synthesis,
	author = {Zhang, Nan and Ryan, Mark and Guelev, Dimitar P.},
	title = {{Synthesising Verified Access Control Systems in XACML}},
	booktitle = {Proc. FMSE},
	year = {2004},
	pages = {56--65}
} 


@Misc{text2policy,
	title={{Text2Policy}},
	year = {2011},
	url = {http://research.csc.ncsu.edu/ase/projects/text2policy/},
	note = {http://research.csc.ncsu.edu/ase/projects/text2policy/}
	
}

@INPROCEEDINGS{assessing,
	author = {Evan Martin and JeeHyun Hwang and Tao Xie and Vincent Hu},
	title = {{Assessing Quality of Policy Properties in Verification of Access Control Policies}},
	booktitle = {Proceedings of the Annual Computer Security Applications Conference (ACSAC)},
	year = {2008}, 
	pages = {163--172}
}

@ARTICLE{modelchecking,
	author = {Vincent Hu and Richard Kuhn and Tao Xie and JeeHyun Hwang},
	title = {{Model Checking for Verification of Mandatory Access Control Models and Properties}},
	journal = {International Journal of Software Engineering and Knowledge Engineering},
	year = {2010}
}

@inproceedings{iTrust,
	author = {Williams, Laurie and Shin, Yonghee},
	booktitle = {Proceedings of ASEE/IEEE Frontiers in Education Conference},
	pages = {30--31},
	title = {{Work in Progress: Exploring Security and Privacy Concepts through the Development and Testing of the iTrust Medical Records System}},
	year = {2006}
}



@INPROCEEDINGS{anaphorafor,
	author = {Christopher Kennedy},
	title = {{Anaphora For Everyone: Pronominal Anaphora Resolution Without A Parser}},
	booktitle = {Proceedings of the International Conference on Computational Linguistics (COLING)},
	year = {1996}
}

@book{rbac,
	author = {Ferraiolo, David F. and Kuhn, D. Richard and Chandramouli, Ramaswamy},
	title = {{Role-Based Access Control}},
	year = {2003},
	publisher = {Artech House, Inc.}
} 

@book{assessment,
	author = {Jones, Capers},
	title = {{Software Assessments, Benchmarks, and Best Practices}},
	year = {2000},
	publisher = {Addison-Wesley Longman Publishing Co., Inc.}
}


@article{templateMatch,
	author = {Etzioni, Oren and Cafarella, Michael and Downey, Doug and Popescu, Ana-Maria and Shaked, Tal and Soderland, Stephen and Weld, Daniel S. and Yates, Alexander},
	title = {{Unsupervised Named-entity Extraction from the Web: An Experimental Study}},
	journal = {Artificial Intelligence},
	year = {2005},
	pages = {91--134}
} 


@inproceedings{postag,
	author = {Ando, Rie Kubota},
	title = {{Exploiting Unannotated Corpora for Tagging And Chunking}},
	booktitle = {Proceedings of the Annual Meeting of the Association for Computational Linguistics (ACL)},
	year = {2004}
} 

@inproceedings{scenariobased,
	author = {Ralyt\'{e}, Jolita and Rolland, Colette and Plihon, V\'{e}ronique},
	title = {{Method Enhancement with Scenario Based Techniques}},
	booktitle = {Proceedings of Advanced Information Systems Engineering (CAiSE)},
	year = {1999},
	pages = {103--118}
} 


@book{jacobsonusecase,
	author = {Jacobson, Ivar},
	title = {Object-Oriented Software Engineering: A Use Case Driven Approach},
	year = {2004},
	isbn = {0201403471},
	publisher = {Addison Wesley Longman Publishing Co., Inc.},
	address = {Redwood City, CA, USA},
}


@Misc{umuxacml,
	title={{UMU-XACML-Editor}},
	year = {2010},
	url = {http://xacml.dif.um.es/},
	note = {\url{http://xacml.dif.um.es/}}
	
}


@Misc{acpt,
	title  ={{Access Control Policy Tool (ACPT).}},
	year = {2010},
	url = {http://csrc.nist.gov/groups/SNS/acpt/acpt-beta.html},
	note = {\url{http://csrc.nist.gov/groups/SNS/acpt/acpt-beta.html}}
}


@ARTICLE{acpinre,
	author = {Robert Crook and Darrel Ince and Bashar Nuseibeh},
	title = {{Modelling Access Policies using Roles in Requirements Engineering}},
	journal = {Information and Software Technology},
	year = {2003}
}

@article{recaps,
	author = {He, Qingfeng and Ant\'{o}n, Annie I.},
	title = {{Requirements-based Access Control Analysis and Policy Specification (ReCAPS)}},
	journal = {Information and Software Technology},
	year = {2009},
	issn = {0950-5849},
	publisher = {Butterworth-Heinemann}
} 


@book{userstory,
	author = {Cohn, Mike},
	title = {{User Stories Applied: For Agile Software Development}},
	year = {2004},
	publisher = {Addison Wesley Longman Publishing Co., Inc.}
} 

@book{nfr,
	author = {Greene, Jennifer and Stellman, Andrew},
	title = {{Applied Software Project Management}},
	year = {2005},
	publisher = {O'Reilly}
} 


@inproceedings{nlpusecase,
	author = {Jagielska, Dorota and Wernick, Paul and Wood, Mick and Bennett, Steve},
	title = {{How Natural Is Natural Language?: How Well Do Computer Science Students Write Use Cases?}},
	booktitle = {Proceedings of the ACM SIGPLAN International Conference on Object-Oriented Programming, Systems, Languages, and Applications (OOPSLA)},
	year = {2006},
	pages = {914--924},
	publisher = {ACM}
} 

@book{effectiveusecase,
	author = {Cockburn, Alistair},
	title = {{Writing Effective Use Cases}},
	year = {2000},
	edition = {1st},
	publisher = {Addison-Wesley Longman Publishing Co., Inc.}
} 

@Misc{stanfordparser,
	title  ={{The Stanford Parser: A statistical parser.}},
	year = {2003},
	url = {http://http://nlp.stanford.edu/software/lex-parser.shtml},
	note = {\url{http://nlp.stanford.edu/software/lex-parser.shtml}}
}

@article{codecomment,
	author    = {Michael L. Van de Vanter},
	title     = {{The Documentary Structure of Source Code}},
	journal   = {Information {\&} Software Technology},
	volume    = {44},
	number    = {13},
	year      = {2002},
}

@article{evolvingsoftware,
	author = {S. Bohner},
	title = {{Software Change Impacts - An Evolving Perspective}},
	journal ={Proceedings of the IEEE International Workshop on Communicating Business Process and Software Models Quality, Understandability, and Maintainability (ICSM)},
	year = {2002},
	pages = {263},
	publisher = {IEEE Computer Society}
}


@book{softwarechange,
	author = {Arnold, Robert S.},
	title = {{Software Change Impact Analysis}},
	year = {1996},
	publisher = {IEEE Computer Society Press}
} 

@incollection{jml,
	author = {Chalin, Patrice and Kiniry, Joseph R. and Leavens, Gary T. and Poll, Erik},
	booktitle = {{Formal Methods for Components and Objects}},
	chapter = {16},
	journal = {{Lecture Notes in Computer Science : Formal Methods for Components and Objects}},
	publisher = {Springer-Verlag},
	title = {{Beyond Assertions: Advanced Specification and Verification with JML and ESC/Java2}},
	year = {2006}
}


@incollection{specsharp,
	author = {Barnett, Mike and Deline, Robert and F\"{a}hndrich, Manuel and Jacobs, Bart and Leino, K. Rustan and Schulte, Wolfram and Venter, Herman},
	title = {{The Spec\# Programming System: Challenges and Directions}},
	booktitle = {{Verified Software: Theories, Tools, Experiments}},
	editor = {Meyer, Bertrand and Woodcock, Jim},
	year = {2008},
	publisher = {Springer-Verlag}
}

@book{wordNet,
	editor = {Christiane Fellbaum},
	publisher = {The MIT Press},
	title = {{WordNet An Electronic Lexical Database }},
	url = {http://mitpress.mit.edu/catalog/item/default.asp?ttype=2&tid=8106},
	year = 1998
}

@book{uml,
	author = {Booch, Grady and Rumbaugh, James and Jacobson, Ivar},
	title = {{Unified Modeling Language User Guide}},
	year = {2005},
	isbn = {0321267974},
	publisher = {Addison-Wesley Professional},
}

@book{lightParsing,
	author = {Grefenstette, Gregory},
	title = {{Light Parsing as Finite State Filtering}},
	book = {Extended finite state models of language},
	publisher = {Cambridge University Press},
	year = {1999}
}

@INPROCEEDINGS{fastus,
	author = {Mark Stickel and Mabry Tyson},
	title = {{FASTUS: A Cascaded Finite-state Transducer for Extracting Information from Natural-language Text}},
	booktitle = {Finite-State Language Processing},
	year = {1997},
	publisher = {MIT Press}
}

@InProceedings{fsmnlp,
	author = 	 {Branimir K. Boguraev},
	booktitle= {Proc. International Conference on Finite-State Methods for NLP.},
	title = 	 {{Towards Finite-State Analysis of Lexical Cohesion}},
	year = {2000}
}

@inproceedings{lessismore,
	author    = {Matthew Kaplan and
	Tim Klinger and
	Amit M. Paradkar and
	Avik Sinha and
	Clay Williams and
	Cemal Yilmaz},
	title     = {{Less is More: A Minimalistic Approach to UML Model-Based
	Conformance Test Generation}},
	booktitle = {Proceedings of the  IEEE International Conference on Software Testing, Verification and Validation (ICST)},
	year      = {2008}
}

@article{uima,
	author = {Ferrucci, David and Lally, Adam},
	title = {{UIMA: An Architectural Approach to Unstructured Information Processing in the Corporate Research Environment}},
	journal = {Nature Language Engineering},
	year = {2004},
	publisher = {Cambridge University Press}
}

@Book{firstorderlogic,
	author={Jon Barwise},
	title = 	 {Handbook of Mathematical Logic (Studies in Logic and the Foundations of Mathematic)},
	publisher = 	 {North Holland},
	year = 	 {1982}
}

@book{Ullman88,
	author    = {Jeffrey D. Ullman},
	title     = {{Principles of Database and Knowledge-Base Systems, Volume
	I}},
	publisher = {Computer Science Press},
	year      = {1988},
	isbn      = {0-7167-8158-1}
}

@inproceedings{semanticmodel,
	author    = {G{\"u}nther Fliedl and
	Christian Kop and
	Heinrich C. Mayr and
	Christian Winkler and
	Georg Weber and
	Alexander Salbrechter},
	title     = {{Semantic Tagging and Chunk-Parsing in Dynamic Modeling}},
	booktitle = {NLDB},
	year      = {2004}
}


@article{guideText,
	author = {Rolland, Colette and Achour, Camille Ben},
	title = {{Guiding the Construction of Textual Use Case Specifications}},
	journal = {Data \& Knowledge Engineering},
	year = {1998},
	publisher = {Elsevier Science Publishers B. V.}
}

@Misc{epal,
	title  ={{Enterprise Privacy Architecture Language (EPAL 1.2).}},
	author ={Ashley, P. and Hada, S. and Karjoth, G. and Powers, C. and Schunter, M.},
	year = {2003},
	url = {http://www.w3.org/Submission/EPAL/},
	note = {\url{http://www.w3.org/Submission/EPAL/}}
}

@Misc{privacyXacml,
	title  ={{Privacy Policy Profile of XACML v2.0.}},
	author ={OASIS},
	year = {2005},
	url = {http://docs.oasis-open.org/xacml/2.0/privateprofile/access_control-xacml-2.0-privacy_profile-specos.pdf},
	note = {http://docs.oasis-open.org/xacml/2.0/privateprofile/access\_control-xacml-2.0-privacy\_profile-specos.pdf}
}


@article{shallowparser,
	author = {Neff, Mary S. and Byrd, Roy J. and Boguraev, Branimir K.},
	title = {{The Talent System: TEXTRACT Architecture And Data Model}},
	journal = {Nature Language Engineering},
	volume = {10},
	number = {3-4},
	year = {2004},
	publisher = {Cambridge University Press}
}

@inproceedings{sparcleHCI,
	author = {Karat, Clare-Marie and Karat, John and Brodie, Carolyn and Feng, Jinjuan},
	title = {{Evaluating Interfaces for Privacy Policy Rule Authoring}},
	booktitle = {Proceedings of the CHI Conference on Human Factors in Computing Systems (CHI)},
	year = {2006}
}

@Misc{oecd,
	title  ={{OECD Guidelines on the Protection of Privacy And Transborder Flows of Personal Data.}},
	author ={OECD},
	year = {1980},
	url = {http://www.oecd.org/home/},
	note = {\url{http://www.oecd.org/home/}}
}

@Misc{codecontract,
	title = {Code Contracts},
	author = {Microsoft Research},
	year = {2009},
	url = {http://research.microsoft.com/en-us/projects/contracts/},
	note = {\url{http://research.microsoft.com/en-us/projects/contracts/}}
}

@InProceedings{CousotCousot77,
	author =    {Cousot, P{.} and Cousot, R{.}},
	title =     {Abstract interpretation: a unified lattice model for static
	analysis of programs by construction or approximation of
	fixpoints},
	pages =     {238-252},
	booktitle = {Proceedings of the ACM SIGPLAN Symposium on Principles of Programming Languages (POPL)},
	year =      1977,
}

@book{privacyRule,
	editor    = {National Research Council.},
	title     = {{Who Goes There? Authentication Through the Lens of Privacy.}},
	publisher = {National Academies Press},
	year      = {2003}
}

@inproceedings{sparcle05,
	author = {Brodie, Carolyn and Karat, Clare-Marie and Karat, John and Feng, Jinjuan},
	title = {{Usable Security and Privacy: A Case Study of Developing Privacy Management Tools}},
	booktitle = {Proceedings of the Symposium on Usable Privacy and Security (SOUPS)},
	year = {2005}
}


@inproceedings{empiricalSparcle,
	author = {Brodie, Carolyn A. and Karat, Clare-Marie and Karat, John},
	title = {{An Empirical Study of Natural Language Parsing of Privacy Policy Rules Using the SPARCLE Policy Workbench}},
	booktitle = {Proceedings of the Symposium on Usable Privacy and Security (SOUPS)},
	year = {2006}
}

@inproceedings{designNLP,
	author    = {John Karat and Clare-Marie Karat and Carolyn Brodie and Jinjuan Feng},
	title     = {{Designing Natural Language and Structured Entry Methods for Privacy Policy Authoring}},
	booktitle = {Proceedings of the IFIP TC13 international conference on Human-Computer Interaction (INTERACT)},
	year      = {2005},
	pages = {671--684 }
}

@inproceedings{linguistic,
	author    = {Avik Sinha and
	Amit M. Paradkar and
	Palani Kumanan and
	Branimir Boguraev},
	title     = {{A Linguistic Analysis Engine for Natural Language Use Case Description and Its Application to Dependability Analysis in Industrial Use Cases}},
	booktitle = {Proceedings of the IEEE/IFIP International Conference on Dependable Systems and Networks (DSN)},
	year      = {2009}
}

@inproceedings{invariant,
	author    = {Haim Kilov and
	Ian Simmonds},
	title     = {{Business Rules: From Business Specification to Design}},
	booktitle = {Proceedings of the European Conference on Object-Oriented Programming (ECOOP) Workshops},
	year      = {1997}
}

@book{integrityconstraint,
	editor    = {Jorge Horacio Doorn and
	Laura C. Rivero},
	title     = {{Database Integrity: Challenges and Solutions}},
	publisher = {Idea Group},
	year      = {2002}
}

@Misc{xacml,
	title  ={{XACML (eXtensible Access Control Markup Language)}},
	year = {2005},
	url = {www.oasis-open.org/committees/xacml},
	note = {\url{www.oasis-open.org/committees/xacml}}
}



@inproceedings{text2test,
	author = {Sinha, Avik and Jr., Stanley M.  Sutton and Paradkar, Amit},
	title = {{Text2Test: Automated Inspection of Natural Language Use Cases}},
	booktitle = {Proceedings of the  IEEE International Conference on Software Testing, Verification and Validation (ICST)},
	year = {2010}
}

@book{usecase,
	author = {I Jacobson, M Christerson, P Jonsson, G Overgaard},
	title = {{Object-Oriented Software Engineering: A Use Case Driven Approach}},
	year = {1992},
	publisher = {Addison Wesley Longman Publishing Co., Inc.}
}

@inproceedings{acp,
	author = {Samarati, Pierangela and Vimercati, Sabrina De Capitani di},
	title = {{Access Control: Policies, Models, and Mechanisms}},
	booktitle = {IFIP WG 1.7 International School on Foundations of Security Analysis and Design (FOSAD)},
	year = {2001},
	pages = {137--196}
}

@Misc{businessRule,
	title  ={{Defining Business Rules - What Are They Really?}},
	author ={Business Rules Group},
	year = {2000},
	url = {http://www.businessrulesgroup.org},
	note = {\url{http://www.businessrulesgroup.org}}
}

@inproceedings{wise,
	author = {Burnim, Jacob and Juvekar, Sudeep and Sen, Koushik},
	title = {{WISE: Automated test generation for worst-case complexity}},
	booktitle = {Proceedings of the International Conference on Software Engineering (ICSE)},
	year = {2009}
}

@article{systemsymbolic,
	author = {Clarke, L. A.},
	title = {{A System to Generate Test Data and Symbolically Execute Programs}},
	journal = {IEEE Transactions of Software Engineering},
	year = {1976},
	pages = {215--222},
	publisher = {IEEE Press}
}

@book{art,
	author = {Myers, Glenford J.},
	title = {{The Art of Software Testing}},
	year = {1979},
	publisher = {John Wiley \& Sons, Inc.}
}

@INPROCEEDINGS{taneja10:moda,
	author = {Kunal Taneja and Yi Zhang and Tao Xie},
	title = {{MODA}: Automated Test Generation for Database Applications via Mock Objects},
	booktitle = {{Proceedings of IEEE/ACM International Conference on Automated Software Engineering (ASE))}},
	month = {September},
	year = {2010}
}

@inproceedings{dbdynamic,
	author = {Emmi, Michael and Majumdar, Rupak and Sen, Koushik},
	title = {{Dynamic Test Input Generation for Database Applications}},
	booktitle = {Proceedings of International Symposium on Software Testing and Analysis (ISSTA)},
	year = {2007}
}

@BOOK{testbook,
	title = {{Introduction to Software Testing}},
	publisher = {Cambridge University Press},
	year = {2008},
	author = {Ammann, Paul and Offutt, Jeff}
}

@book{algorithm,
	author = {Cormen, Thomas H. and Stein, Clifford and Rivest, Ronald L. and Leiserson, Charles E.},
	title = {{Introduction to Algorithms}},
	year = {2001},
	publisher = {McGraw-Hill Higher Education},
}
@BOOK{stateCovBook,
	title = {Software testing techniques (2nd ed.)},
	publisher = {Van Nostrand Reinhold Co.},
	year = {1990},
	author = {Beizer, Boris}
}

@INPROCEEDINGS{klee,
	author = {Cristian Cadar and Daniel Dunbar and Dawson R. Engler},
	title = {{KLEE: Unassisted and Automatic Generation of High-Coverage Tests
	for Complex Systems Programs}},
	booktitle = {Proceedings of the USENIX Symposium on Operating Systems Design and Implementation (OSDI)},
	year = {2008},
	pages = {209-224}
}

@INPROCEEDINGS{CadarGPDE06,
	author = {Cristian Cadar and Vijay Ganesh and Peter M. Pawlowski and David
	L. Dill and Dawson R. Engler},
	title = {{EXE: Automatically Generating Inputs of Death}},
	booktitle = {Proceedings of ACM Conference on Computer and Communications Security (CCS)},
	year = {2006},
	pages = {322-335}
}

@article{symbolic,
	author = {King, James C.},
	title = {{Symbolic Execution and Program Testing}},
	journal = {Communications of ACM},
	volume = {19},
	number = {7},
	year = {1976},
	pages = {385--394}
}

@INPROCEEDINGS{stp,
	author = {Vijay Ganesh and David L. Dill},
	title = {{A Decision Procedure for Bit-Vectors and Arrays}},
	booktitle = {Proceedings of the International Conference on Computer Aided Verification (CAV)},
	year = {2007},
	pages = {519-531}
}

@INPROCEEDINGS{dart,
	author = {Patrice Godefroid and Nils Klarlund and Koushik Sen},
	title = {{DART: Directed Automated Random Testing}},
	booktitle = {Proceedings of the ACM SIGPLAN Conference on Programming Language Design and Implementation (PLDI)},
	year = {2005},
	pages = {213-223}
}

@INPROCEEDINGS{HalleuxT08,
	author = {Jonathan de Halleux and Nikolai Tillmann},
	title = {{Parameterized Unit Testing with Pex}},
	booktitle = {Proceedings of the International Conference on Tests and Proofs (TAP)},
	year = {2008},
	pages = {171-181}
}

@INPROCEEDINGS{cdg,
	author = {Horwitz, Susan},
	title = {{Tool Support for Improving Test Coverage}},
	booktitle = {Proceedings of the European Symposium on Programming (ESOP)},
	year = {2002},
	pages = {162--177}
}

@ARTICLE{branch,
	author = {Ntafos, S. C.},
	title = {{A Comparison of Some Structural Testing Strategies}},
	journal = {IEEE Transactions of Software Engineering},
	year = {1988},
	volume = {14},
	pages = {868--874},
	number = {6}
}

@INPROCEEDINGS{cute,
	author = {Koushik Sen and Darko Marinov and Gul Agha},
	title = {{CUTE: a Concolic Unit Testing Engine for C}},
	booktitle = {Proceedings of the ACM SIGSOFT Symposium on the Foundations of Software Engineering and European Software Engineering (ESEC/FSE)},
	year = {2005},
	pages = {263-272}
}

@INPROCEEDINGS{TillmannH08,
	author = {Nikolai Tillmann and Jonathan de Halleux},
	title = {{Pex-White Box Test Generation for .NET}},
	booktitle = {Proceedings of the International Conference on Tests and Proofs (TAP)},
	year = {2008},
	pages = {134-153}
}

@INPROCEEDINGS{PUT,
	author = {Nikolai Tillmann and Wolfram Schulte},
	title = {{Parameterized Unit Tests}},
	booktitle = {Proceedings of the ACM SIGSOFT Symposium on the Foundations of Software Engineering and European Software Engineering (ESEC/FSE)},
	year = {2005},
	pages = {253-262}
}

@inproceedings{z3,
	author    = {Leonardo Mendon\c{c}a de Moura and
	Nikolaj Bj{\o}rner},
	title     = {{Z3: An Efficient SMT Solver}},
	booktitle = {Proceedings of the International Symposium on Tools and Algorithms for the Construction and Analysis of Systems (TACAS)},
	year      = {2008},
	pages     = {337-340}
}

@Misc{xunit,
	title  ={{xUnit}},
	year = {2007},
	key={xunit},
	url = {http://www.codeplex.com/xunit},
	note = {\url{http://www.codeplex.com/xunit}}
}

@Misc{nhibernate,
	title  ={NHibernate},
	year = {2008},
	key={nhibernate},
	url = {https://www.hibernate.org/343.html},
	note = {\url{https://www.hibernate.org/343.html}}
}

@Misc{Math,
	title  ={{Math.NET}},
	year = {2008},
	key={math},
	url = {http://www.mathdotnet.com/},
	note = {\url{http://www.mathdotnet.com/}}
}

@Misc{agitar,
	title  ={{Agitar AgitarOne}},
	year = {2009},
	key={agitar},
	url = {http://www.agitar.com/solutions/products/agitarone.html},
	note = {\url{http://www.agitar.com/solutions/products/agitarone.html}}
}	

@Misc{parasoft,
	title  ={{Parasoft Jtest}},
	year = {2009},
	key={parasoft},
	url = {http://www.parasoft.com/jsp/products/home.jsp?product=Jtest},
	note = {\url{http://www.parasoft.com/jsp/products/home.jsp?product=Jtest}}
}

@Misc{codepro,
	title  ={{CodePro AnalytiX}},
	year = {2009},
	key={parasoft},
	url = {http://www.instantiations.com/codepro/},
	note = {\url{http://www.instantiations.com/codepro/}}
}


@Misc{quickGraph,
	title  ={{QuickGraph: A 100\% C\# graph library with Graphviz Support}},
	year = {2008},
	key={quickGraph},
	url = {http://www.codeproject.com/KB/miscctrl/quickgraph.aspx},
	note = {\url{http://www.codeproject.com/KB/miscctrl/quickgraph.aspx}}
}


@Misc{svnBridge,
	title  ={{SvnBridge: Use TortoiseSVN with Team Foundation Server}},
	key={svnBridge},
	year = {2009},
	url = {http://www.codeplex.com/SvnBridge},
	note = {\url{http://www.codeplex.com/SvnBridge}}
}


@INPROCEEDINGS{mseqgen,
	author = {Suresh Thummalapenta and Tao Xie and Nikolai Tillmann and Peli de Halleux and Wolfram Schulte},
	title = {{MSeqGen: Object-Oriented Unit-Test Generation via Mining Source Code}},
	booktitle = {Proceedings of the ACM SIGSOFT Symposium on the Foundations of Software Engineering and European Software Engineering (ESEC/FSE)},
	month = {August},
	year = {2009}
}


@ARTICLE{mock,
	author = {Mackinnon, Tim and Freeman, Steve and Craig, Philip},
	title = {{Endo-testing: Unit Testing with Mock Objects}},
	year = {2001},
	pages = {287--301},
	book = {Extreme programming examined}
}

@inproceedings{residual,
	author    = {Christina Pavlopoulou and
	Michal Young},
	title     = {{Residual Test Coverage Monitoring}},
	booktitle = {Proceedings of the International Conference on Software Engineering (ICSE)},
	year      = {1999},
	pages     = {277-284}
}

@inproceedings{KhurshidPV03,
	author    = {Sarfraz Khurshid and
	Corina S. Pasareanu and
	Willem Visser},
	title     = {{Generalized Symbolic Execution for Model Checking and Testing}},
	booktitle = {Proceedings of the International Symposium on Tools and Algorithms for the Construction and Analysis of Systems (TACAS)},
	year      = {2003},
	pages     = {553-568}
}

@inproceedings{XieMN04,
	author    = {Tao Xie and
	Darko Marinov and
	David Notkin},
	title     = {{Rostra: A Framework for Detecting Redundant Object-Oriented
	Unit Tests}},
	booktitle = {Proceedings of IEEE/ACM International Conference on Automated Software Engineering (ASE)},
	year      = {2004},
	pages     = {196-205}
}

@inproceedings{InkumsahX08,
	author    = {Kobi Inkumsah and
	Tao Xie},
	title     = {{Improving Structural Testing of Object-Oriented Programs
	via Integrating Evolutionary Testing and Symbolic Execution}},
	booktitle = {Proceedings of IEEE/ACM International Conference on Automated Software Engineering (ASE)},
	year      = {2008},
	pages     = {297-306}
}

@inproceedings{Tonella04,
	author    = {Paolo Tonella},
	title     = {{Evolutionary testing of classes}},
	booktitle = {Proceedings of International Symposium on Software Testing and Analysis (ISSTA)},
	year      = {2004},
	pages     = {119-128}
}

@inproceedings{randoop,
	author    = {Carlos Pacheco and
	Shuvendu K. Lahiri and
	Michael D. Ernst and
	Thomas Ball},
	title     = {{Feedback-Directed Random Test Generation}},
	booktitle = {Proceedings of the International Conference on Software Engineering (ICSE)},
	year      = {2007},
	pages     = {75-84}
}

@inproceedings{exe,
	author = {Cadar, Cristian and Ganesh, Vijay and Pawlowski, Peter M. and Dill, David L. and Engler, Dawson R.},
	title = {{EXE: Automatically Generating Inputs of Death}},
	booktitle = {Proceedings of ACM Conference on Computer and Communications Security (CCS)},
	year = {2006},
	pages = {322--335}
}


@inproceedings{substringhole,
	author = {Adler, Yoram and Farchi, Eitan and Klausner, Moshe and Pelleg, Dan and Raz, Orna and Shochat, Moran and Ur, Shmuel and Zlotnick, Aviad},
	title = {{Advanced Code Coverage Analysis using Substring Holes}},
	booktitle = {Proceedings of International Symposium on Software Testing and Analysis (ISSTA)},
	year = {2009},
	pages = {37--46}
}

@inproceedings{typedep,
	author    = {Saswat Anand and
	Alessandro Orso and
	Mary Jean Harrold},
	title     = {{Type-Dependence Analysis and Program Transformation for
	Symbolic Execution}},
	booktitle = {Proceedings of the International Symposium on Tools and Algorithms for the Construction and Analysis of Systems (TACAS)},
	year      = {2007},
	pages     = {117-133}
}

@inproceedings{pathProject,
	author = {Khoo, Yit Phang and Foster, Jeffrey S. and Hicks, Michael and Sazawal, Vibha},
	title = {{Path projection for user-centered static analysis tools}},
	booktitle = {Proc. PASTE },
	year = {2008},
	isbn = {978-1-60558-382-2},
	pages = {57--63}
}

@INPROCEEDINGS{checklist,
	AUTHOR = {Yit Phang Khoo and Jeffrey S. Foster and Michael Hicks and Vibha Sazawal},
	TITLE = {{Triaging Checklists: a Substitute for a {PhD} in Static Analysis}},
	BOOKTITLE = {Proc. PLATEAU},
	MONTH = OCT,
	YEAR = 2009
}

@inproceedings{failure,
	author = {von Dincklage, Daniel and Diwan, Amer},
	title = {{Explaining failures of program analyses}},
	booktitle = {Proceedings of the ACM SIGPLAN Conference on Programming Language Design and Implementation (PLDI)},
	year = {2008},
	pages = {260--269}
}

@INPROCEEDINGS{fitness,
	author = {Tao Xie and Nikolai Tillmann and Peli de Halleux and Wolfram Schulte},
	title = {{Fitness-Guided Path Exploration in Dynamic Symbolic Execution}},
	booktitle = {Proceedings of the IEEE/IFIP International Conference on Dependable Systems and Networks (DSN)},
	month = {June-July},
	year = {2009}
}

@article{jCrasher,
	author = {Christoph Csallner and Yannis Smaragdakis},
	title = {{JCrasher}: An automatic robustness tester for {Java}},
	journal = {Software---Practice \& Experience},
	pages = {1025--1050},
	year = {2004}
}


@inproceedings{compositional,
	author = {Godefroid, Patrice},
	title = {{Compositional Dynamic Test Generation}},
	booktitle = {Proceedings of the ACM SIGPLAN Symposium on Principles of Programming Languages (POPL)},
	year = {2007},
	pages = {47--54}
}


@inproceedings{demand,
	author = {Anand, Saswat and Godefroid, Patrice and Tillmann, Nikolai},
	title = {{Demand-driven Compositional Symbolic Execution}},
	booktitle = {Proceedings of the International Symposium on Tools and Algorithms for the Construction and Analysis of Systems (TACAS)},
	year = {2008},
	pages = {367--381}
}

@inproceedings{autoMock,
	author = {Saff, David and Artzi, Shay and Perkins, Jeff H. and Ernst, Michael D.},
	title = {{Automatic Test Factoring for Java}},
	booktitle = {Proceedings of IEEE/ACM International Conference on Automated Software Engineering (ASE)},
	year = {2005},
	pages = {114--123}
}

@INPROCEEDINGS{khurshid:symbolic,
	author = {Sarfraz Khurshid and Corina S. Pasareanu and Willem Visser},
	title = "{Generalized symbolic execution for model checking and testing}",
	booktitle = {Proceedings of the International Symposium on Tools and Algorithms for the Construction and Analysis of Systems (TACAS)},
	year = {2003},
	pages = {553--568},    
}

@inproceedings{pios2011,
	year =        {2011},
	title =       {{P}i{OS} : {D}etecting privacy leaks in i{OS} applications},
	author =      {{E}gele, {M}anuel and  {K}ruegel, {C}hristopher and  {K}irda, {E}ngin and  {V}igna, {G}iovanni},
	booktitle =   {Proceedings of the Network and Distributed System Security Symposium (NDSS)}
}


% This file was created with JabRef 2.9.2.
% Encoding: GBK

@inproceedings{iccta,
	title={Icc{T}A: detecting inter-component privacy leaks in android apps},
	author={Li, Li and Bartel, Alexandre and Bissyande, Tegawend{\'e} Fran{\c{c}}ois D Assise and Klein, Jacques and Le Traon, Yves and Arzt, Steven and Rasthofer, Siegfried and Bodden, Eric and Octeau, Damien and McDaniel, Patrick},
	booktitle={Proceedings of the International Conference on Software Engineering (ICSE)},
	year={2015}
}

@inproceedings{chabada,
	title={Checking app behavior against app descriptions},
	author={Gorla, Alessandra and Tavecchia, Ilaria and Gross, Florian and Zeller, Andreas},
	booktitle={Proceedings of the International Conference on Software Engineering (ICSE)},
	year={2014},
	organization={ACM}
}

@inproceedings{edgeminer,
	title={EdgeMiner: Automatically Detecting Implicit Control Flow Transitions through the Android Framework},
	author={Cao, Yinzhi and Fratantonio, Yanick and Bianchi, Antonio and Egele, Manuel and Kruegel, Christopher and Vigna, Giovanni and Chen, Yan},
	booktitle={Proceedings of the Network and Distributed System Security Symposium (NDSS)},
	year={2015}
}

@inproceedings{mudflow,
	title={Mining apps for abnormal usage of sensitive data},
	author={Avdiienko, Vitalii and Kuznetsov, Konstantin and Gorla, Alessandra and Zeller, Andreas and Arzt, Steven and Rasthofer, Siegfried and Bodden, Eric},
	booktitle={Proceedings of the International Conference on Software Engineering (ICSE)},
	year={2015}
}


@inproceedings{droidSift,
	title={Semantics-Aware {A}ndroid Malware Classification Using Weighted Contextual {API} Dependency Graphs},
	author={Zhang, Mu and Duan, Yue and Yin, Heng and Zhao, Zhiruo},
	booktitle={Proceedings of ACM Conference on Computer and Communications Security (CCS)},
	year={2014},
	pages={1105--1116},
	organization={ACM}
}


@inproceedings{supor,
	title={SUPOR: precise and scalable sensitive user input detection for android apps},
	author={Huang, Jianjun and Li, Zhichun and Xiao, Xusheng and Wu, Zhenyu and Lu, Kangjie and Zhang, Xiangyu and Jiang, Guofei},
	booktitle={Proceedings of the USENIX Security Symposium (USENIX Security)},
	pages={977--992},
	year={2015}
}

@inproceedings{uipicker,
	title={Uipicker: User-input privacy identification in mobile applications},
	author={Nan, Yuhong and Yang, Min and Yang, Zhemin and Zhou, Shunfan and Gu, Guofei and Wang, Xiaofeng},
	booktitle={Proceedings of the USENIX Security Symposium (USENIX Security)},
	pages={993--1008},
	year={2015}
}

@article{bien2015byod,
	title={BYOD in Practice: A Comparison of Four BYOD Programs},
	author={Bien, Daryl and Negahban, Arash and Windsor, John},
	year={2015}
}

@article{thomson2012byod,
	title={BYOD: enabling the chaos},
	author={Thomson, Gordon},
	journal={Network Security},
	volume={2012},
	number={2},
	pages={5--8},
	year={2012},
	publisher={Elsevier}
}



@ARTICLE{byod, 
	author={K. W. Miller and J. Voas and G. F. Hurlburt}, 
	journal={IT Professional}, 
	title={BYOD: Security and Privacy Considerations}, 
	year={2012}, 
	volume={14}, 
	number={5}, 
	pages={53--55}, 
}

@inproceedings{drebin,
	title={DREBIN: Effective and Explainable Detection of Android Malware in Your Pocket.},
	author={Arp, Daniel and Spreitzenbarth, Michael and Gascon, Hugo and Rieck, Konrad},
	booktitle={Proceedings of the Network and Distributed System Security Symposium (NDSS)},
	year={2014}
}

@inproceedings{deepdroid,
	title={DeepDroid: Dynamically Enforcing Enterprise Policy on Android Devices.},
	author={Wang, Xueqiang and Sun, Kun and Wang, Yuewu and Jing, Jiwu},
	booktitle={Proceedings of the Network and Distributed System Security Symposium (NDSS)},
	year={2015}
}

@inproceedings{appplayground,
	author = {Rastogi, Vaibhav and Chen, Yan and Enck, William},
	title = {AppsPlayground: Automatic Security Analysis of Smartphone Applications},
	booktitle = {Proceedings of ACM Conference on Data and Application Security and Privacy (CODASPY)},
	year = {2013},
} 


@inproceedings{approfiler,
	author = {Rosen, Sanae and Qian, Zhiyun and Mao, Z. Morely},
	title = {AppProfiler: A Flexible Method of Exposing Privacy-related Behavior in Android Applications to End Users},
	booktitle = {Proceedings of ACM Conference on Data and Application Security and Privacy (CODASPY)},
	year = {2013},
} 

@inproceedings{chex,
	author = {Lu, Long and Li, Zhichun and Wu, Zhenyu and Lee, Wenke and Jiang, Guofei},
	title = {CHEX: Statically Vetting Android Apps for Component Hijacking Vulnerabilities},
	booktitle = {Proceedings of the ACM Conference on Computer and Communications Security (CCS)},
	year = {2012},
	pages = {229--240},
} 


@inproceedings{malwareSurvey,
	author = {Felt, Adrienne Porter and Finifter, Matthew and Chin, Erika and Hanna, Steve and Wagner, David},
	title = {A Survey of Mobile Malware in the Wild},
	booktitle = {Proceedings of ACM CCS Workshop on Security and Privacy in Smartphones and Mobile Devices (SPSM)},
	year = {2011},
	pages = {3--14},
} 

@inproceedings{androidcert,
	author = {Enck, William and Ongtang, Machigar and McDaniel, Patrick},
	title = {On Lightweight Mobile Phone Application Certification},
	booktitle = {Proceedings of ACM Conference on Computer and Communications Security (CCS)},
	year = {2009},
	pages = {235--245},
} 

@inproceedings{androidstudy,
	author    = {William Enck and
	Damien Octeau and
	Patrick McDaniel and
	Swarat Chaudhuri},
	title     = {A Study of Android Application Security},
	booktitle = {Proceedings of the USENIX Security Symposium (USENIX Security)},
	year      = {2011},
}

@inproceedings{contentleak,
	author    = {Yajin Zhou and
	Xuxian Jiang},
	title     = {Detecting Passive Content Leaks and Pollution in Android Applications},
	booktitle = {Proceedings of the Network and Distributed System Security Symposium (NDSS)},
	year      = {2013},
}



@inproceedings{appsealer,
	title={Appsealer: Automatic generation of vulnerability-specific patches for preventing component hijacking attacks in android applications},
	author={Zhang, Mu and Yin, Heng},
	year={2014},
	booktitle = {Proceedings of the Network and Distributed System Security Symposium (NDSS)},
}

@MISC{droiddream,
	title={DroidDream becomes Android market nightmare},
	author={Bradley, Tony},
	url={ http://www.pcworld.com/businesscenter/article/221247/droiddream\_becomes\_android\_market\_nightmare. html},
}

@article{hypponen2006malware,
	title={Malware goes mobile},
	author={Hypponen, Mikko},
	journal={Scientific American},
	volume={295},
	number={5},
	pages={70--77},
	year={2006},
	publisher={Nature Publishing Group}
}

@MISC{appleStore,
	title = {App {R}eview | Apple App Store},
	url  = {https://developer.apple.com/app-store/review/},
}

@MISC{byodStudy,
	title = {Research: 74 percent using or adopting BYOD},
	url  = {http://www.zdnet.com/article/research-74-percent-using-or-adopting-byod/},
	author={{ZDNet}},
	year=2015
}


@MISC{androguard,
	title = {androguard },
	url  = {https://code.google.com/p/androguard/wiki/DatabaseAndroidMalwares},
}


@inproceedings{appcontext,
	title={AppContext: Differentiating Malicious and Benign Mobile App Behavior Under Contexts},
	author = {Wei Yang and Xusheng Xiao and Benjamin Andow and Sihan Li and Tao Xie and William Enck},
	booktitle = {Proceedings of the International Conference on Software Engineering (ICSE)},
	year = {2015}
}

@inproceedings{crossValidation,
	title={A study of cross-validation and bootstrap for accuracy estimation and model selection},
	author={Kohavi, Ron and others},
	booktitle={Proceedings of the International Joint Conference on Artificial Intelligence (IJCAI)},
	volume={14},
	number={2},
	pages={1137--1145},
	year={1995}
}

@inproceedings{flowdroid,
	title={Flowdroid: Precise context, flow, field, object-sensitive and lifecycle-aware taint analysis for android apps},
	author={Arzt, Steven and Rasthofer, Siegfried and Fritz, Christian and Bodden, Eric and Bartel, Alexandre and Klein, Jacques and Le Traon, Yves and Octeau, Damien and McDaniel, Patrick},
	booktitle={Proceedings of the ACM SIGPLAN Conference on Programming Language Design and Implementation (PLDI)},
	pages={29},
	year={2014},
	organization={ACM}
}

@inproceedings{dyncodeloading,
	title={Execute this! analyzing unsafe and malicious dynamic code loading in android applications},
	author={Poeplau, Sebastian and Fratantonio, Yanick and Bianchi, Antonio and Kruegel, Christopher and Vigna, Giovanni},
	booktitle={Proceedings of the Network and Distributed System Security Symposium (NDSS)},
	volume={14},
	pages={23--26},
	year={2014}
}

@inproceedings{susi,
	title={A machine-learning approach for classifying and categorizing android sources and sinks},
	author={Rasthofer, Siegfried and Arzt, Steven and Bodden, Eric},
	booktitle={Proceedings of the Network and Distributed System Security Symposium (NDSS)},
	year={2014},
}

@inproceedings{apposcopy,
	title={Apposcopy: Semantics-Based Detection of Android Malware through Static Analysis},
	author={Feng, Yu and Anand, Saswat and Dillig, Isil and Aiken, Alex},
	booktitle={Proceedings of the ACM SIGSOFT Symposium on the Foundations of Software Engineering (FSE)},
	year={2014}
}

@article{weka,
	title={The WEKA data mining software: an update},
	author={Hall, Mark and Frank, Eibe and Holmes, Geoffrey and Pfahringer, Bernhard and Reutemann, Peter and Witten, Ian H},
	journal={ACM SIGKDD explorations newsletter},
	volume={11},
	number={1},
	pages={10--18},
	year={2009},
	publisher={ACM}
}


@inproceedings{AppIntent,
	author = {Yang, Zhemin and Yang, Min and Zhang, Yuan and Gu, Guofei and Ning, Peng and Wang, X. Sean},
	title = {AppIntent: analyzing sensitive data transmission in android for privacy leakage detection},
	series = {Proceedings of ACM Conference on Computer and Communications Security (CCS)},
	year = {2013},
	publisher = {ACM},
} 


@inproceedings{Orbit,
	author = {Yang, Wei and Prasad, Mukul R. and Xie, Tao},
	title = {A Grey-box Approach for Automated GUI-model Generation of Mobile Applications},
	series = {Proceedings of the International Conference on Fundamental Approaches to Software Engineering (FASE)},
	year = {2013},
	pages = {250--265},
	numpages = {16},
	publisher = {Springer-Verlag}
} 


@inproceedings{VetDroid,
	author = {Zhang, Yuan and Yang, Min and Xu, Bingquan and Yang, Zhemin and Gu, Guofei and Ning, Peng and Wang, X. Sean and Zang, Binyu},
	title = {Vetting Undesirable Behaviors in Android Apps with Permission Use Analysis},
	booktitle = {Proceedings of ACM Conference on Computer and Communications Security (CCS)},
	year = {2013},
	pages = {611--622},
	numpages = {12},
	publisher = {ACM}
} 

@MISC{sensor,
	title = {Android Sensors Overview},
	note  = "\url{http://developer.android.com/guide/topics/sensors/sensors\_overview.html}"
}

@MISC{VirusTotal,
	title = {VirusTotal - Free Online Virus, Malware and URL Scanner},
	note  = "\url{https://www.virustotal.com/en/}"
}

@MISC{sootweb,
	title = {Soot},
	author={Patrick Lam and Eric Bodden and Ondrej Lhotak  and Laurie Hendren},
	note  = "\url{http://sable.github.io/soot/}",
	year = {2017}
	
}

@MISC{apktoolweb,
	title = {{Apktool}},
	author={Connor Tumbleson and Ryszard Wisniewski},
	year={2017},
	note  = "\url{https://ibotpeaches.github.io/Apktool/}"
}


@inproceedings{franke2011reverse,
	title={Reverse engineering of mobile application lifecycles},
	author={Franke, Dominik and Elsemann, Corinna and Kowalewski, Stefan and Weise, Carsten},
	booktitle={Proceedings of the Working Conference on Reverse Engineering (WCRE)},
	pages={283--292},
	year={2011},
	organization={IEEE}
}

@MISC{virusShare,
	title = {{VirusShare}},
	author = {{VirusShare}},
	year = 2017,
	note = "\url{http://virusshare.com/}"
}

@incollection{chiba2000load,
	title={Load-time structural reflection in Java},
	author={Chiba, Shigeru},
	booktitle={Proceedings of the European Conference on Object-Oriented Programming (ECOOP)},
	pages={313--336},
	year={2000},
	publisher={Springer}
}

@article{suykens1999least,
	title={Least squares support vector machine classifiers},
	author={Suykens, Johan AK and Vandewalle, Joos},
	journal={Neural processing letters},
	volume={9},
	number={3},
	pages={293--300},
	year={1999},
	publisher={Springer}
}

@MISC{contagio,
	title = {Contagio Mobile - mobile marewale mini dump}, 	
	url = {http://contagiominidump.blogspot.com/},
	year = {2017},
	author={Mila Parkour}
}

@inproceedings{harrold1998computation,
	title={Computation of interprocedural control dependence},
	author={Harrold, Mary Jean and Rothermel, Gregg and Sinha, Saurabh},
	booktitle={ACM SIGSOFT Software Engineering Notes},
	volume={23},
	number={2},
	pages={11--20},
	year={1998},
	organization={ACM}
}

@inproceedings{FeltDymistified,
	author = {Felt, Adrienne Porter and Chin, Erika and Hanna, Steve and Song, Dawn and Wagner, David},
	title = {Android Permissions Demystified},
	series = {Proceedings of ACM Conference on Computer and Communications Security (CCS)},
	year = {2011},
	publisher = {ACM},
} 


@MISC{Fdroid,
	author = {F-Droid},
	title = {FOSS Apps for Android},
	url = {https://f-droid.org/}
}



@MISC{DHS-FBI-bulletin,
	author = {Department of Homeland Security, Federal Bureau of Investigation},
	title = {{DHS-FBI} Bulletin: Threats to Mobile Devices Using the Android Operating
	System},
	month = {August},
	year = {2013},
	owner = {david},
	timestamp = {2013.11.16},
	url = {http://publicintelligence.net/dhs-fbi-android-threats/}
}

@inproceedings{Zhou_codaspy_repackage,
	author = {Zhou, Wu and Zhou, Yajin and Jiang, Xuxian and Ning, Peng},
	title = {Detecting Repackaged Smartphone Applications in Third-party Android Marketplaces},
	series = {Proceedings of ACM Conference on Data and Application Security and Privacy (CODASPY)},
	year = {2012},
	publisher = {ACM},
} 

@inproceedings{chin2011analyzing,
	title={Analyzing inter-application communication in Android},
	author={Chin, Erika and Felt, Adrienne Porter and Greenwood, Kate and Wagner, David},
	booktitle={Proceedings of the Annual International Conference on Mobile Systems, Applications, and Services (MobiSys)},
	pages={239--252},
	year={2011},
	organization={ACM}
}

@INPROCEEDINGS{felt2011survey,
	author = {Felt, Adrienne Porter and Finifter, Matthew and Chin, Erika and Hanna,
	Steve and Wagner, David},
	title = {A survey of mobile malware in the wild},
	booktitle = {Proceedings of ACM CCS Workshop on Security and Privacy in Smartphones and Mobile Devices (SPSM)},
	year = {2011},
	organization = {ACM},
}

@INPROCEEDINGS{grace2012riskranker,
	author = {Grace, Michael and Zhou, Yajin and Zhang, Qiang and Zou, Shihong
	and Jiang, Xuxian},
	title = {Riskranker: scalable and accurate zero-day android malware detection},
	booktitle = {Proceedings of the Annual International Conference on Mobile Systems, Applications, and Services (MobiSys)},
	year = {2012},
}

@inproceedings{zhou2012dissecting,
	author = {Zhou, Yajin and Jiang, Xuxian},
	title = {Dissecting Android Malware: Characterization and Evolution},
	booktitle = {Proceedings of the IEEE Symposium on Security and Privacy (IEEE S \& P)},
	year = {2012},
} 

@INPROCEEDINGS{zhou2012hey,
	author = {Zhou, Yajin and Wang, Zhi and Zhou, Wu and Jiang, Xuxian},
	title = {Hey, you, get off of my market: Detecting malicious apps in official
	and alternative android markets},
	booktitle = {Proceedings of the Network and Distributed System Security Symposium (NDSS)},
	year = {2012}
}

% This file was created with JabRef 2.9.2.
% Encoding: GBK
@inproceedings{enck2009lightweight,
	title={On lightweight mobile phone application certification},
	author={Enck, William and Ongtang, Machigar and McDaniel, Patrick},
	booktitle={Proceedings of ACM Conference on Computer and Communications Security (CCS)},
	year={2009},
	organization={ACM}
}

@inproceedings{peng2012using,
	title={Using probabilistic generative models for ranking risks of android apps},
	author={Peng, Hao and Gates, Chris and Sarma, Bhaskar and Li, Ninghui and Qi, Yuan and Potharaju, Rahul and Nita-Rotaru, Cristina and Molloy, Ian},
	booktitle={Proceedings of ACM Conference on Computer and Communications Security (CCS)},
	organization={ACM}
}

@inproceedings{chakradeo2013mast,
	title={{MAST}: triage for market-scale mobile malware analysis},
	author={Chakradeo, Saurabh and Reaves, Bradley and Traynor, Patrick and Enck, William},
	booktitle={Proceedings of the ACM Conference on Security & Privacy in Wireless and Mobile Networks (WiSec)},
	year={2013},
	organization={ACM}
}

@article{tdprivacyjournal,
	author    = {Xusheng Xiao and
	Nikolai Tillmann and
	Manuel Fahndrich and
	Jonathan de Halleux and
	Michal Moskal and
	Tao Xie},
	title     = {User-aware privacy control via extended static-information-flow analysis},
	journal   = {Autom. Softw. Eng.},
	volume    = {22},
	number    = {3},
	pages     = {333--366},
	year      = {2015},
}
maintained by Schloss Dagstuhl LZI at University of Trier	homebrowsesearchabout


@inproceedings{tdprivacy,
	author = {Xiao, Xusheng and Tillmann, Nikolai and Fahndrich, Manuel and De Halleux, Jonathan and Moskal, Michal},
	title = {User-aware privacy control via extended static-information-flow analysis},
	booktitle = {Proceedings of IEEE/ACM International Conference on Automated Software Engineering (ASE)},
	year = {2012},
} 

@inproceedings{yang2013appintent,
	author = {Yang, Zhemin and Yang, Min and Zhang, Yuan and Gu, Guofei and Ning, Peng and Wang, X. Sean},
	title = {{AppIntent}: analyzing sensitive data transmission in android for privacy leakage detection},
	booktitle = {Proceedings of ACM Conference on Computer and Communications Security (CCS)},
	year = {2013},
}

@INPROCEEDINGS{au2012pscout,
	author = {Au, Kathy Wain Yee and Zhou, Yi Fan and Huang, Zhen and Lie, David},
	title = {{PS}cout: analyzing the android permission specification},
	booktitle = {Proceedings of ACM Conference on Computer and Communications Security (CCS)},
	year = {2012},
}

@INPROCEEDINGS{felt2012ask,
	author = {Felt, Adrienne Porter and Egelman, Serge and Finifter, Matthew and
	Akhawe, Devdatta and Wagner, David and others},
	title = {How to ask for permission},
	booktitle = {Proceedings of the USENIX Workshop on Hot Topics in Security (HotSec)},
	year = {2012}
}

@INPROCEEDINGS{felt2012android,
	author = {Felt, Adrienne Porter and Ha, Elizabeth and Egelman, Serge and Haney,
	Ariel and Chin, Erika and Wagner, David},
	title = {Android permissions: User attention, comprehension, and behavior},
	booktitle = {Proceedings of the Symposium on Usable Privacy and Security (SOUPS)},
	year = {2012},
}

@INPROCEEDINGS{pandita2013whyper,
	author = {Pandita, Rahul and Xiao, Xusheng and Yang, Wei and Enck, William
	and Xie, Tao},
	title = {{WHYPER}: towards automating risk assessment of mobile applications},
	booktitle = {Proceedings of the USENIX Security Symposium (USENIX Security)},
	year = {2013},
}

% This file was created with JabRef 2.9.2.
% Encoding: GBK

@inproceedings{vallee2010soot,
	title={Soot: A Java bytecode optimization framework},
	author={Vall{\'e}e-Rai, Raja and Co, Phong and Gagnon, Etienne and Hendren, Laurie and Lam, Patrick and Sundaresan, Vijay},
	booktitle={CASCON First Decade High Impact Papers},
	year={2010},
}

@inproceedings{Dexpler,
	author = {Bartel, Alexandre and Klein, Jacques and Le Traon, Yves and Monperrus, Martin},
	title = {Dexpler: Converting Android Dalvik Bytecode to Jimple for Static Analysis with Soot},
	booktitle = {Proceedings of the ACM SIGPLAN International Workshop on State Of the Art in Program Analysis (SOAP)},
	year = {2012},
} 

@techreport{fritz2013highly,
	title={Highly Precise Taint Analysis for Android Application},
	author={Fritz, Christian and Arzt, Steven and Rasthofer, Siegfried and Bodden, Eric and Bartel, Alexandre and Klein, Jacques and le Traon, Yves and Octeau, Damien and McDaniel, Patrick},
	year={2013}
}

@INPROCEEDINGS{peg.NDSS:2013,
	author = { K. Chen and N. Johnson and V. D'Silva and K. MacNamara and T. Magrino
	and E. Wu and M. Rinard and D. Song },
	title = { Contextual Policy Enforcement for Android Applications with Permission
	Event Graphs },
	booktitle = { Proceedings of the Network and Distributed System Security Symposium (NDSS)},
	year = { 2013 },
	
}

@INPROCEEDINGS{enck2010taintdroid,
	author = {Enck, William and Gilbert, Peter and Chun, Byung-Gon and Cox, Landon
	P and Jung, Jaeyeon and McDaniel, Patrick and Sheth, Anmol},
	title = {{TaintDroid}: An Information-Flow Tracking System for Realtime Privacy
	Monitoring on Smartphones.},
	booktitle = {Proceedings of the USENIX Symposium on Operating Systems Design and Implementation (OSDI)},
	year = {2010},
}

@INPROCEEDINGS{grace2012systematic,
	author = {Grace, Michael and Zhou, Yajin and Wang, Zhi and Jiang, Xuxian},
	title = {Systematic detection of capability leaks in stock Android smartphones},
	booktitle = {Proceedings of the Network and Distributed System Security Symposium (NDSS)},
	year = {2012}
}

@INPROCEEDINGS{lu2012chex,
	author = {Lu, Long and Li, Zhichun and Wu, Zhenyu and Lee, Wenke and Jiang,
	Guofei},
	title = {{CHEX}: statically vetting android apps for component hijacking vulnerabilities},
	booktitle = {Proceedings of ACM Conference on Computer and Communications Security (CCS)},
	year = {2012},
}

% This file was created with JabRef 2.9.2.
% Encoding: GBK

@INPROCEEDINGS{barrera2010methodology,
	author = {Barrera, David and Kayacik, H G{\"u}ne{\c{s}} and van Oorschot, Paul
	C and Somayaji, Anil},
	title = {A methodology for empirical analysis of permission-based security
	models and its application to android},
	booktitle = {Proceedings of ACM Conference on Computer and Communications Security (CCS)},
	year = {2010},
	organization = {ACM}
}

@INPROCEEDINGS{chin2012measuring,
	author = {Chin, Erika and Felt, Adrienne Porter and Sekar, Vyas and Wagner,
	David},
	title = {Measuring user confidence in smartphone security and privacy},
	booktitle = {Proceedings of the Symposium on Usable Privacy and Security (SOUPS)},
	year = {2012},
	organization = {ACM}
}

@INPROCEEDINGS{han2013comparing,
	author = {Han, Jin and Yan, Qiang and Gao, Debin and Zhou, Jianying and Deng,
	Robert},
	title = {Comparing Mobile Privacy Protection through Cross-Platform Applications},
	booktitle = {Proceedings of the Network and Distributed System Security Symposium (NDSS)},
	year = {2013}
}

@INPROCEEDINGS{jung2012short,
	author = {Jung, Jaeyeon and Han, Seungyeop and Wetherall, David},
	title = {Short paper: enhancing mobile application permissions with runtime
	feedback and constraints},
	booktitle = {Proceedings of ACM CCS Workshop on Security and Privacy in Smartphones and Mobile Devices (SPSM)},
	year = {2012},
	organization = {ACM}
}

% This file was created with JabRef 2.9.2.
% Encoding: GBK

@MISC{bouncer,
	author = {Google Mobile Blog},
	title = {Android and Security},
	owner = {david},
	timestamp = {2013.11.17},
	url = {http://googlemobile.blogspot.com/2012/02/android-and-security.html}
}

@MISC{Q3-2013,
	author = {comScore},
	title = {Reports September 2013 {U.S.} Smartphone Subscriber Market Share},
	year = {2013},
	owner = {david},
	timestamp = {2013.11.16},
	url = {http://www.comscore.com/Insights/Press_Releases/2013/11/comScore_Reports_September_2013_U.S._Smartphone_Subscriber_Market_Share}
}

@MISC{DHS-FBI-bulletin,
	author = {Department of Homeland Security, Federal Bureau of Investigation},
	title = {{DHS-FBI} Bulletin: Threats to Mobile Devices Using the Android Operating
	System},
	month = {August},
	year = {2013},
	owner = {david},
	timestamp = {2013.11.16},
	url = {http://publicintelligence.net/dhs-fbi-android-threats/}
}

@MISC{everyQ-all,
	author = {{F-Secure}},
	title = {{F-Secure} Threat Report},
	owner = {david},
	timestamp = {2013.11.17},
	url = {http://www.f-secure.com/en/web/labs_global/whitepapers/reports}
}

@MISC{Q4-2012,
	author = {{F-Secure}},
	title = {Mobile Threat Report Q4 2012},
	owner = {david},
	timestamp = {2013.11.17},
	url = {http://www.f-secure.com/static/doc/labs_global/Research/Mobile%20Threat%20Report%20Q4%202012.pdf}
}

@MISC{twitter-phone-overtake-pc,
	author = {Netimperative},
	title = {Twitteros mobile ad revenue overtakes desktop PCs},
	owner = {david},
	timestamp = {2013.11.17},
	url = {http://www.digitalstrategyconsulting.com/netimperative/news/2012/06/twitters_mobile_ad_revenue_ove.php}
}

@MISC{Phone-Overtake-PC,
	author = {{PCMag}},
	title = {Smartphone Shipments Overtake PCs in 2011},
	owner = {david},
	timestamp = {2013.11.16},
	url = {http://www.pcmag.com/article2/0,2817,2399846,00.asp}
}

% This file was created with JabRef 2.9.2.
% Encoding: GBK

@misc{projectweb,
	title={appcontext},
	note = {https://sites.google.com/site/asergrp/projects/appcontext/},
}

@ARTICLE{rad2012camouflage,
	author = {Rad, Babak Bashari and Masrom, Maslin and Ibrahim, Suhaimi},
	title = {Camouflage in malware: from encryption to metamorphism},
	journal = {International Journal of Computer Science and Network Security},
	year = {2012},
	volume = {12},
	number = {8}
}



@inproceedings{Epicc,
	author = {Octeau, Damien and McDaniel, Patrick and Jha, Somesh and Bartel, Alexandre and Bodden, Eric and Klein, Jacques and Le Traon, Yves},
	title = {Effective Inter-component Communication Mapping in Android with Epicc: An Essential Step Towards Holistic Security Analysis},
	booktitle = {Proceedings of the USENIX Conference on Security (USENIX Security)},
	year = {2013},
	location = {Washington, D.C.},
} 

@inproceedings{Gator,
	author = {Rountev, Atanas and Yan, Dacong},
	title = {Static Reference Analysis for GUI Objects in Android Software},
	booktitle = {Proceedings of Annual IEEE/ACM International Symposium on Code Generation and Optimization (CGO)},
	year = {2014},
}

@inproceedings{AsDroid,
	author = {Huang, Jianjun and Zhang, Xiangyu and Tan, Lan and Wang, Peng and Liang, Bin},
	title = {AsDroid: Detecting Stealthy Behaviors in Android Applications by User Interface and Program Behavior Contradiction},
	booktitle = {Proceedings of the 2014 International Conference on Software Engineering (ICSE)},
	year = {2014},
}

@inproceedings{DroidApiMiner,
	title={DroidAPIMiner: Mining API-level features for robust malware detection in android},
	author={Aafer, Yousra and Du, Wenliang and Yin, Heng},
	booktitle={Security and Privacy in Communication Networks},
	pages={86--103},
	year={2013},
	publisher={Springer}
}

@inproceedings {BayesDroid,
	author = {Omer Tripp and Julia Rubin},
	title = {A Bayesian Approach to Privacy Enforcement in Smartphones},
	booktitle = {Proceedings of the USENIX Conference on Security (USENIX Security)},
	year = {2014},
	month = Aug,
	isbn = {978-1-931971-15-7},
	address = {San Diego, CA},
	pages = {175--190},
	url = {https://www.usenix.org/conference/usenixsecurity14/technical-sessions/presentation/tripp},
	publisher = {USENIX Association},
}
@inproceedings{xu2016high,
	title={High fidelity data reduction for big data security dependency analyses},
	author={Xu, Zhang and Wu, Zhenyu and Li, Zhichun and Jee, Kangkook and Rhee, Junghwan and Xiao, Xusheng and Xu, Fengyuan and Wang, Haining and Jiang, Guofei},
	booktitle={Proceedings of the 2016 ACM SIGSAC Conference on Computer and Communications Security},
	pages={504--516},
	year={2016},
	organization={ACM}
}

@techreport{pagerank,
	number = {1999-66},
	month = {November},
	author = {Lawrence Page and Sergey Brin and Rajeev Motwani and Terry Winograd},
	note = {Previous number = SIDL-WP-1999-0120},
	title = {The PageRank Citation Ranking: Bringing Order to the Web.},
	type = {Technical Report},
	publisher = {Stanford InfoLab},
	year = {1999},
	institution = {Stanford InfoLab},
}
@article{lamport1978time,
	title={Time, clocks, and the ordering of events in a distributed system},
	author={Lamport, Leslie},
	journal={Communications of the ACM},
	volume={21},
	number={7},
	pages={558--565},
	year={1978},
	publisher={ACM}
}








